4094 5796
784 509 925 565 PROSAE
952 508 1156 562 ECCLESIAE
1183 510 1406 564 LEODIENSIS

770 705 804 754 11

539 799 653 884 Ipsam
678 801 775 868 nobis
792 803 1003 868 mansionem

603 895 762 980 impetres
774 921 794 964 a
807 901 957 966 Domino

711 1017 808 1080 prece
824 1001 879 1082 pia

1401 705 1438 754 12

1169 801 1282 868 Tuum
1300 803 1421 870 festum
1438 800 1644 868 celebrantes

1213 902 1384 983 gaudeant
1397 921 1456 984 per
1471 898 1612 977 saecula,

1172 997 1216 1063 Et
1232 1009 1369 1064 coronet
1386 1019 1443 1062 eos
1470 997 1623 1063 Christus

538 1090 596 1156 Ad
618 1111 719 1174 quam
743 1095 836 1160 ducit
855 1115 973 1159 omnes
995 1095 1068 1178 pios

604 1198 682 1272 post
698 1193 815 1256 mortis
831 1191 1002 1256 excidium

711 1285 799 1351 vitae
818 1288 881 1354 via

1215 1105 1292 1177 post
1308 1097 1397 1160 vitae
1412 1093 1582 1159 curricula.

474 1434 704 1565 Sibtunuserlt.
727 1433 960 1488 SToNYHtJnsu:
975 1431 1090 1502 Collige
1104 1432 1155 1489 des
1176 1433 1307 1504 Jesuites,
1324 1447 1364 1504 tv,
1378 1433 1479 1490 Missel
1492 1433 1529 1488 de
1545 1431 1639 1503 nege,
1657 1443 1734 1500 1472,

510 1604 592 1660 Cette
616 1605 703 1660 Prose
724 1621 742 1659 a
762 1605 808 1660 tte
829 1605 977 1676 imprimes
1000 1622 1052 1676 par
1064 1606 1271 1678 Mlucrrsaca',
1287 1607 1394 1678 Hymni
1408 1617 1435 1662 et
1450 1605 1631 1678 Sequentiae,
1645 1622 1671 1678 p.
1688 1617 1733 1658 ao.

475 1683 529 1738 Les
543 1685 674 1755 strophes
687 1703 705 1754 y
718 1694 783 1740 sont
797 1687 853 1741 mal
868 1683 1046 1740 distributos.

513 1801 561 1852 ld
593 1798 697 1870 Sponsi
712 1798 770 1854 ST.

511 1891 526 1945 3
540 1881 561 1931 b
592 1887 620 1932 et
633 1895 758 1949 manque
767 1877 840 1934 dans
852 1877 981 1934 Leodien.
994 1895 1018 1932 c.
1027 1877 1102 1948 1485.

475 1963 561 2092 ὃν
590 1958 621 2014 fit
634 1959 763 2014 Leodr'en.
778 1959 884 2029 c.1485.
911 1965 931 2015 d
952 1973 1037 2030 quem
1049 1957 1209 2015 teodane
1219 1961 1293 2032 1485.
1317 1979 1335 2016 e
1357 1961 1525 2016 sublimatur
1539 1959 1577 2015 ad
1589 1959 1734 2014 caelorum

510 2123 552 2187 51
582 2117 694 2173 insania
706 2119 865 2174 teodone.
879 2120 952 2189 1485.
985 2134 1005 2186 g
1030 2118 1132 2174 cumin
1142 2123 1291 2178 tormentis
1305 2121 1548 2190 leodien.c.r485.
1579 2124 1602 2174 h
1626 2119 1735 2174 levatur

475 2197 579 2252 Christi
595 2198 651 2253 ST.
663 2199 792 2254 Leodr'en.
802 2213 964 2268 1499·1540.
997 2197 1048 2254 sed
1060 2197 1165 2255 Christi
1177 2202 1328 2258 clementia
1341 2200 1586 2268 Lcodien.c.1485.

509 2267 560 2323 6a
590 2271 695 2340 sprevit
716 2270 740 2323 S
744 2271 773 2325 Τ.
788 2271 916 2325 Leodien.
948 2277 998 2327 cd
1030 2279 1259 2332 Mrccusnclra
1281 2291 1329 2328 cru
1346 2273 1445 2328 devoir
1464 2271 1596 2328 moditier
1615 2269 1735 2326 entiere·

474 2359 552 2405 ment
562 2359 636 2406 cette
649 2351 775 2407 clausule
788 2351 956 2422 rythmique.
985 2357 1009 2410 ll
1023 2357 1154 2429 imprime
1167 2373 1173 2410 ε

902 2460 1001 2517 Mente
1014 2463 1106 2519 calcat
1118 2461 1270 2532 impiorum

902 2556 959 2594 non
974 2545 1068 2598 soluta
1081 2541 1229 2598 saevitiam

512 2660 586 2714 C'est
598 2675 653 2712 une
667 2675 769 2712 erreur.
785 2659 824 2711 Le
841 2667 917 2713 texte
930 2659 981 2714 des
996 2662 1112 2718 Missels
1129 2662 1189 2717 doit
1208 2663 1267 2716 etre
1280 2659 1422 2715 conserve.
1443 2660 1481 2714 Le
1495 2654 1685 2728 parallelisme
1698 2667 1733 2706 en

474 2739 539 2794 effet
549 2756 586 2793 ne
600 2738 660 2792 doit
673 2755 727 2808 pas
740 2737 844 2792 exister
857 2755 926 2793 avec
946 2741 963 2792 6
976 2748 1019 2796 ab
1038 2744 1109 2798 mais
1123 2759 1191 2798 avec
1210 2741 1228 2794 6
1240 2746 1292 2809 gh.
1310 2741 1332 2794 ll
1346 2749 1389 2794 est
1403 2739 1513 2810 parsait.

511 2848 562 2910 7b
593 2853 652 2897 tam
661 2843 697 2898 ad
706 2843 836 2896 Leodien.
852 2845 1057 2903 Mrtcrrsacrr.
1093 2848 1164 2902 Tam
1173 2845 1270 2901 n’offre
1285 2861 1377 2900 aucun
1398 2860 1479 2909 sens;
1501 2841 1520 2896 il
1541 2841 1599 2896 saut
1619 2835 1736 2893 retablir

473 2941 568 3058 ᾳκὲῗ
590 3019 642 3058 nec
655 3005 772 3059 inanum
785 3007 817 3076 (l)
831 3002 1040 3063 Mucasacr.
1072 3013 1086 3062 f
1116 3016 1223 3062 metum
1234 3006 1258 3059 S
1261 3006 1284 3059 Τ
1285 3047 1291 3060 .
1301 3005 1429 3058 leodien.
1439 3016 1531 3070 1499·1
1539 3013 1597 3070 540.
1607 3001 1736 3054 MILCH·

474 3096 565 3139 ssrca'.
582 3085 620 3138 Le
634 3094 693 3138 mot
702 3087 814 3155 gaudia
829 3089 940 3159 appelle
954 3089 981 3143 le
994 3099 1054 3143 mot
1067 3087 1176 3143 luctum
1189 3085 1285 3141 donne
1298 3102 1349 3155 par
1361 3081 1596 3150 Leodien.c.1485.

497 3180 528 3218 ιο
542 3183 561 3220 a
592 3165 619 3219 in
639 3167 693 3220 hac
713 3168 785 3220 valle
802 3168 1049 3237 Leodien.c.1485.
1063 3169 1269 3221 Mrrcusnca'.
1314 3181 1331 3218 e
1370 3161 1736 3232 suffragiaLeodien.1499-

478 3261 547 3315 1540
559 3245 661 3300 amend
675 3263 725 3316 par
738 3248 765 3301 la
778 3249 907 3304 clausule
921 3248 1101 3319 precedente.

497 3342 523 3382 r1
540 3331 561 3382 d
593 3325 678 3382 ducat
692 3327 715 3380 S
720 3328 831 3383 T.duce
845 3327 974 3382 Leodien.
992 3340 1146 3396 1502·1540

811 3558 869 3626 61.
903 3551 978 3624 DE
1009 3550 1048 3624 S.
1073 3547 1410 3624 MENGOLDO.

785 3713 797 3759 1
1413 3707 1429 3770 3

521 3807 652 3874 Chorus
669 3807 731 3871 iste
746 3807 944 3872 iocundetur
1154 3805 1294 3869 Illicitos
1311 3813 1405 3867 actus
1422 3803 1518 3880 luxit,

520 3917 553 3971 et
571 3907 776 3989 Mengoldus
791 3907 1047 3971 commendetur
1155 3905 1342 3986 angelicam
1359 3905 1461 3966 vitam
1479 3903 1588 3979 duxit,

607 4003 761 4067 sollemni
780 4003 925 4067 melodia
940 4025 947 4082 ;
1240 4001 1339 4064 tritus
1356 3999 1561 4062 abstinentia
1577 4019 1584 4076 ;

520 4098 631 4181 Quem
650 4101 789 4183 Hoyum
808 4109 992 4176 veneratur,
1155 4097 1304 4160 Mundus
1321 4095 1366 4158 illi
1383 4094 1591 4177 displicebat,

521 4197 613 4259 cuius
630 4197 714 4260 sacri
731 4197 908 4260 decoratur
1153 4193 1184 4256 in
1203 4212 1271 4275 quo
1288 4192 1404 4256 mundi
1420 4189 1625 4255 clarescebat

607 4293 754 4375 corporis
771 4293 932 4356 custodia.
1238 4289 1348 4352 cordis
1364 4288 1564 4352 innocentia.

781 4427 799 4473 2
1412 4427 1435 4489 4

519 4522 623 4586 Filius
641 4523 728 4604 regis
747 4521 937 4605 Anglorum
1155 4523 1193 4585 ln
1213 4523 1317 4606 Hoyo
1333 4521 1529 4599 decollatur,

520 4619 589 4698 suit,
605 4627 639 4683 et
654 4620 761 4682 victor
776 4617 940 4683 bellorum
1152 4618 1249 4683 claris
1266 4619 1370 4702 signis
1386 4616 1551 4683 revelatur

604 4715 648 4779 ab
664 4713 900 4792 adolescentia,
1238 4715 1310 4778 eius
1326 4713 1549 4778 sanctimonia
1564 4735 1571 4794 ;

520 4811 589 4878 Ubi
606 4810 717 4893 plures
734 4809 921 4876 interfecit:
1153 4813 1215 4874 Per
1229 4810 1319 4874 hunc
1335 4811 1443 4874 caecis
1459 4810 1549 4874 visus
1565 4811 1673 4888 datur,

520 4908 608 4971 unde
625 4891 760 4972 Christo
776 4907 937 4972 satisfecit
1150 4907 1279 4971 claudis
1295 4927 1427 4988 gressus
1444 4916 1625 4987 reparatur,

607 5004 680 5069 dira
696 5004 904 5089 poenitentia
917 5026 925 5086 ;
1239 5004 1396 5088 sugantur
1411 5002 1598 5075 daemonia,
