4108 5794
588 529 731 582 PROSAE
759 529 968 581 ECCLESIAE
994 529 1282 582 n'rREBATENSIS
1500 508 1570 601 285

321 728 366 775 11.
390 709 494 775 Dabit
512 709 606 774 Deus
623 709 787 794 benigna;
803 710 899 776 dabis
916 709 1060 775 fructum
1077 719 1173 774 tuum
1191 708 1298 788 nobis,
1316 709 1347 775 O
1365 717 1463 789 terra,

320 857 366 906 12.
390 839 479 924 Quia
495 840 602 925 Virgo
619 842 729 906 Maria
745 842 999 926 impraegnatur
1015 840 1153 906 illibata.

353 1049 375 1108 5,
389 1038 415 1107 8,
431 1052 469 1092 ro.
503 1037 584 1093 Nous
606 1039 768 1096 eniermons
793 1050 873 1096 entre
892 1040 1025 1096 crochets
1040 1040 1091 1096 des
1113 1049 1189 1094 mots
1209 1037 1322 1094 inutiles
1345 1054 1381 1092 au
1400 1054 1466 1094 sens
1480 1047 1508 1095 et
1526 1039 1574 1110 qui

317 1127 447 1188 rompent
459 1117 486 1172 le
499 1117 687 1187 parallelisme
700 1119 751 1176 des
766 1120 916 1176 clausules.

357 1212 394 1252 12.
416 1199 462 1253 On
481 1197 544 1252 lita
563 1197 591 1252 la
603 1199 676 1254 suite
696 1199 732 1256 de
752 1210 827 1258 cette
847 1201 982 1270 clausule,
1000 1201 1073 1258 dans
1093 1201 1119 1258 le
1135 1201 1234 1256 Missel
1257 1199 1379 1270 d’Arras,
1402 1201 1444 1257 les
1456 1201 1576 1272 phrases

319 1277 463 1410 suivantps
473 1277 523 1367 pul
538 1280 615 1336 n'ont
625 1281 653 1336 ni
664 1281 776 1352 rythmo
787 1281 815 1336 ni
829 1299 996 1338 assonance.
1027 1283 1110 1338 Nous
1130 1281 1171 1337 les
1187 1281 1372 1337 considerons
1393 1299 1504 1338 comme
1523 1299 1578 1338 une

320 1366 430 1428 ruterpo
442 1367 528 1412 atron.

356 1477 465 1533 Omnes
478 1475 542 1532 Tibi
557 1475 783 1547 proclamemus:
799 1474 815 1504 ‘⁶
829 1477 910 1533 Deus
923 1475 1073 1546 miserans,
1081 1477 1095 1505 ”
1108 1475 1238 1532 dicamus
1250 1493 1360 1547 omnes,

356 1555 373 1585 ‘¹
387 1557 480 1613 Nobis
490 1558 582 1612 Tuam
595 1557 716 1612 ostende
729 1557 836 1613 claram
844 1556 948 1613 faciem
956 1567 984 1612 et
995 1557 1125 1614 Salutare
1134 1558 1227 1612 Tuum
1235 1556 1331 1628 largiri
1340 1557 1423 1614 nobis
1432 1559 1579 1629 dignare.’'

418 1904 496 1994 184.
530 1899 822 1976 DOMINICA
850 1899 1067 1974 TERTIA
1097 1900 1156 1975 IN
1187 1901 1476 1977 ADVENTV.

349 2193 373 2241 1.
397 2175 641 2260 cunctipotens
657 2176 711 2260 pie
729 2177 837 2254 Pater,
854 2174 975 2254 excita,
992 2195 1205 2260 quaesumus,

346 2323 373 2370 2.
397 2306 507 2370 Tuam
524 2306 710 2390 potentiam
727 2315 760 2370 et
776 2305 851 2370 veni
868 2303 944 2384 cito,

347 2420 374 2486 3.
398 2403 449 2470 Ut
465 2423 527 2468 nos
543 2403 609 2468 iam
626 2402 746 2468 liberes
763 2400 834 2486 [ab]
852 2401 949 2466 hoste
965 2401 1094 2468 Zabulo
1110 2424 1119 2484 ;

345 2555 375 2616 4
397 2535 451 2600 'l'u
467 2556 527 2620 pro
544 2535 641 2600 nobis
657 2535 714 2620 qui
730 2555 849 2619 passus
865 2554 909 2614 es,

347 2647 373 2714 5.
399 2634 445 2698 Et
460 2653 520 2717 pro
537 2632 634 2698 nobis
650 2632 779 2698 occisus
796 2653 840 2712 es,

345 2765 374 2830 6.
398 2763 500 2829 Salva
515 2784 648 2848 semper
663 2773 696 2829 et
713 2783 800 2849 rege,

346 2875 374 2941 7.
397 2859 472 2924 Tua
488 2871 605 2925 sancta
621 2861 739 2944 gratia,

348 2991 376 3056 8.
400 2989 453 3054 Ne
466 2989 537 3073 ipse
552 2989 693 3056 callidus
709 3013 847 3077 serpens
865 3015 926 3061 nos
942 3003 1084 3078 separet,

346 3102 375 3164 9.
401 3085 447 3152 Et
462 3086 524 3150 sibi
542 3085 642 3152 iaciat
659 3090 781 3153 servire
798 3091 960 3174 nequiter,

330 3225 376 3273 10.
400 3208 473 3274 Nos
488 3211 546 3294 qui
563 3213 596 3276 in
613 3213 689 3278 Tuo
706 3215 854 3282 Nomine
869 3217 1022 3294 vivimus,

330 3321 376 3371 11.
401 3303 501 3390 Quod
518 3317 568 3373 est
584 3320 739 3376 sanctum
757 3313 829 3378 sine
846 3311 911 3390 line
928 3332 1137 3397 permanens.

419 3677 501 3788 ¹185.
534 3675 828 3755 Doururcn
856 3679 1087 3775 QVARTA
1118 3679 1176 3752 ru
1207 3678 1496 3756 ADVENTv.

355 3972 379 4020 1.
405 3955 476 4036 Eia,
493 3959 588 4024 iuxta
604 3979 701 4024 verae
718 3959 916 4043 prophetiae
932 3959 1031 4039 dicta,

356 4073 385 4123 2.
409 4055 515 4123 Stella
532 4056 632 4120 micat
649 4055 747 4120 valde
762 4055 869 4119 claras
885 4065 997 4138 partes
1014 4057 1157 4120 reddens
1175 4056 1286 4122 ans:

353 4177 379 4242 3.
404 4156 501 4241 Quae
518 4151 655 4217 Balaam
673 4173 692 4217 a
709 4152 874 4236 propheta
889 4152 970 4216 olim
987 4153 1119 4218 fuerant
1133 4154 1234 4220 dicta.

350 4275 380 4337 4
407 4253 473 4318 Hic
488 4251 538 4318 vir
554 4249 684 4328 Oriens,
701 4269 823 4314 nornen
841 4249 911 4314 eius
933 4259 1087 4314 sanctum
1104 4257 1336 4334 nuncupatum
1353 4258 1405 4314 est
1422 4248 1465 4314 ab
1483 4249 1588 4314 Israe-

461 4347 561 4412 litica.

356 4461 381 4529 5.
406 4445 547 4528 Sceptro
563 4442 695 4526 subiget
711 4443 813 4507 duces
832 4441 1047 4525 alienigenas,
1062 4451 1167 4506 terras
1183 4450 1285 4525 atque
1301 4439 1483 4507 universas.

353 4543 383 4610 6.
407 4539 577 4606 Possessio
593 4540 663 4604 eius
680 4538 742 4604 erit
758 4538 791 4603 in
808 4548 897 4603 terra
913 4537 997 4603 freta
1013 4547 1113 4620 atque
1129 4557 1249 4620 supera
1265 4545 1299 4602 et
1319 4537 1457 4602 inferna

355 4653 382 4718 7.
407 4639 509 4702 Hunc
525 4637 672 4721 dignitas
688 4635 840 4719 angelica
857 4655 940 4719 pura
955 4653 1037 4700 voce
1053 4631 1176 4713 laudet,
1191 4632 1291 4697 simul
1308 4641 1342 4698 et
1357 4634 1391 4696 in
1412 4642 1499 4698 terra

334 4811 338 4820 ὁ
356 4727 383 4790 8.
408 4726 568 4791 Fateatur
584 4725 693 4790 omnis
711 4725 835 4807 lingua.
