4094 5796
756 445 897 498 PROSAE
926 445 1129 498 ECCLESIAE
1155 445 1445 498 ANDEGAVENSIS

779 638 796 700 3

558 753 658 816 Viam
676 753 779 816 latam
798 753 961 828 lasciviae,

558 851 766 913 mundanum
783 850 846 912 iter
862 848 996 911 devium

557 946 723 1029 despexit,
740 954 773 1008 et
789 946 832 1008 ad
850 944 1001 1008 bravium

558 1043 710 1124 pervenit
727 1041 955 1104 castimoniae.

776 1200 799 1260 4

559 1318 703 1401 Apicem
722 1319 959 1399 poenitentiae,

560 1415 738 1498 praecipue
755 1415 926 1490 ieiunium,

561 1512 718 1587 servavit,
733 1519 768 1574 et
785 1512 831 1572 sic
848 1509 1009 1593 praelium

562 1607 642 1669 vicit
658 1607 767 1669 carnis
783 1607 979 1669 discordiae.

807 1751 822 1816 5

563 1864 783 1947 Compatiens
800 1865 953 1928 miseriae

564 1981 749 2044 pauperum
766 1961 1041 2037 mendicantium,

565 2057 611 2121 nil
627 2056 742 2121 volens
760 2058 998 2134 transitorium,

568 2155 729 2218 succurrit
745 2153 960 2236 indigentiae.

786 2283 808 2344 6

569 2411 636 2476 Hic
653 2419 784 2476 amator
800 2411 999 2476 concordiae

567 2508 679 2572 iunxit
694 2509 797 2572 corda
812 2508 1027 2586 discordium,

567 2624 672 2687 agens
689 2613 816 2669 rectum
832 2605 1001 2681 iudicium,

568 2699 767 2764 reformator
782 2699 936 2765 iustitiae.

789 2844 808 2907 7

567 2956 629 3019 Vis
645 2957 779 3020 divinae
795 2957 967 3040 potentiae

571 3052 805 3116 miraculorum
822 3053 972 3116 omnium

569 3148 664 3212 dedit
680 3147 726 3211 illi
743 3149 958 3233 praeconium

570 3246 787 3327 praegrandis
804 3243 980 3308 efficaciae.

790 3375 809 3436 8

572 3501 644 3566 Sibi
660 3522 739 3566 aves
755 3512 788 3566 et
804 3502 940 3578 bestiae,

571 3617 670 3673 mors,
686 3597 803 3674 morbi,
815 3597 934 3660 lluctus
947 3598 1087 3660 marium

572 3693 735 3756 obediunt
752 3694 933 3776 insignium

571 3789 757 3870 possidenti
775 3789 994 3852 innocentiae.

789 3942 810 4004 9

573 4054 679 4137 Signo
695 4056 801 4118 crucis
817 4056 964 4120 eximiae

571 4149 625 4214 hic
641 4151 692 4214 bis
704 4151 817 4214 divisit
833 4150 980 4228 fluvium,

572 4255 605 4311 et
621 4249 789 4310 exstinxit
805 4247 995 4310 incendium

571 4341 712 4407 efficacis
728 4345 896 4410 saevitiae.

783 4498 821 4545 10

572 4609 734 4677 Caelestis
751 4622 849 4696 pastu
862 4613 998 4695 gratiae,

573 4707 700 4772 nullum
718 4729 853 4773 sumens
869 4709 1041 4787 edulium,

573 4814 702 4886 septem
719 4806 848 4869 dierum
865 4805 1011 4888 spatium

572 4902 699 4978 transit,
715 4911 867 4984 gustator
882 4899 1016 4984 gloriae.

1403 639 1435 684 11

1191 752 1346 815 Morbum
1364 761 1459 815 curat
1474 751 1664 815 dementiae

1188 857 1221 912 et
1237 847 1379 930 expellit
1395 848 1612 912 daemonium

1190 953 1223 1008 et
1239 945 1348 1007 coetui
1365 945 1547 1007 viventium

1190 1041 1301 1104 iunxit
1317 1039 1493 1104 defunctos
1510 1029 1608 1104 varie'.

1405 1199 1441 1245 12

1194 1317 1284 1380 Fons
1300 1316 1362 1382 suit
1380 1319 1562 1399 patientiae

1195 1423 1229 1477 et
1245 1415 1420 1496 exemplar
1436 1414 1623 1490 humilium,

1195 1521 1413 1572 contemnens
1430 1510 1640 1592 vituperium,

1197 1615 1392 1687 tetragonus
1408 1607 1626 1672 constantiae.

1408 1753 1443 1816 13

1198 1865 1384 1948 Pauperum
1401 1866 1568 1930 amicitiae

1195 1961 1355 2040 intentuS,
1371 1963 1594 2042 patrocinium

1195 2057 1254 2120 dat
1270 2057 1317 2120 eis
1333 2067 1367 2122 et
1383 2057 1561 2121 consilium

1197 2153 1311 2236 gratis,
1327 2165 1456 2236 spretor
1473 2155 1643 2236 pecuniae.

1408 2299 1447 2362 14

1199 2410 1355 2476 Sincerae
1371 2412 1596 2476 conscientiae

1198 2508 1268 2571 sitit
1285 2507 1427 2570 salutern
1444 2508 1603 2590 plebium,

1198 2613 1231 2667 et
1247 2623 1306 2684 per
1321 2623 1451 2667 sacrum
1469 2605 1638 2686 eloquium

1200 2699 1259 2763 dat
1275 2700 1363 2762 viam
1381 2700 1618 2783 indulgentiae.

1412 2842 1446 2908 15

1201 2956 1267 3018 Hic
1285 2955 1407 3020 Sacrae
1424 2955 1656 3020 Eucharistiae

1202 3052 1319 3115 salutis
1334 3051 1542 3128 sacrificium,

1201 3147 1312 3211 cibum
1329 3158 1521 3213 sanctarum
1538 3149 1701 3211 mentium

1199 3241 1362 3308 offerebat
1378 3245 1539 3327 quotidie.

1413 3375 1451 3436 16

1203 3501 1386 3582 Virginalis
1403 3503 1588 3567 munditiae

1199 3599 1308 3660 cordis
1324 3607 1358 3661 et
1373 3599 1482 3662 carnis
1499 3598 1616 3676 lilium,

1201 3692 1372 3756 deferebat
1388 3694 1532 3760 cilicium

1202 3789 1391 3870 asperitatis
1408 3791 1538 3855 nimiae.

1413 3943 1450 4006 ยน7

1202 4056 1323 4138 Spreta
1340 4057 1440 4121 vestis
1457 4057 1604 4134 mollitie,

1201 4154 1360 4231 tunicam,
1376 4154 1560 4236 epitogium

1201 4248 1319 4326 induit,
1334 4259 1368 4312 et
1384 4249 1554 4330 caputium

1200 4345 1243 4408 de
1258 4364 1373 4428 panno
1387 4365 1504 4428 grosso
1521 4346 1656 4428 patriae.

1413 4485 1450 4545 18

1203 4613 1368 4678 Gentibus
1385 4615 1471 4697 regis
1489 4607 1649 4680 Franciae

1203 4709 1364 4791 praesulis
1381 4731 1514 4793 equum,
1528 4713 1648 4776 iurium

1203 4805 1328 4870 zelator
1344 4807 1553 4888 spiritalium,

1202 4901 1254 4964 hic
1271 4901 1409 4968 abstulit
1426 4903 1566 4988 egregie.
