<?xml version="1.0" encoding="UTF-8"?>
<!DOCTYPE html PUBLIC "-//W3C//DTD XHTML 1.0 Transitional//EN"
    "http://www.w3.org/TR/xhtml1/DTD/xhtml1-transitional.dtd">
<html xmlns="http://www.w3.org/1999/xhtml" xml:lang="en" lang="en">
 <head>
  <title>
</title>
<meta http-equiv="Content-Type" content="text/html;charset=utf-8" />
  <meta name='ocr-system' content='tesseract 3.04.00' />
  <meta name='ocr-capabilities' content='ocr_page ocr_carea ocr_par ocr_line ocrx_word'/>
</head>
<body>
  <div class='ocr_page' id='page_1' title='image "./analectaliturgi00wealgoog/analectaliturgi00wealgoog_0494.png"; bbox 0 0 4102 5792; ppageno 0'>
   <div class='ocr_carea' id='block_1_1' title="bbox 483 537 1587 628">
    <p class='ocr_par' dir='ltr' id='par_1_1' title="bbox 483 537 1587 628">
     <span class='ocr_line' id='line_1_1' title="bbox 483 537 1587 628; baseline 0.019 -40"><span class='ocrx_word' id='word_1_1' title='bbox 483 537 626 589; x_wconf 71' lang='lat' dir='ltr'>suosne</span> <span class='ocrx_word' id='word_1_2' title='bbox 653 540 856 592; x_wconf 74' lang='lat' dir='ltr'>accuasrnrs</span> <span class='ocrx_word' id='word_1_3' title='bbox 884 542 1101 596; x_wconf 72' lang='lat' dir='ltr'>sconsam</span> <span class='ocrx_word' id='word_1_4' title='bbox 1129 548 1436 604; x_wconf 76' lang='lat' dir='ltr'>coupuuursusts</span> <span class='ocrx_word' id='word_1_5' title='bbox 1514 539 1587 628; x_wconf 88' lang='lat'>487</span> 
     </span>
    </p>
   </div>
   <div class='ocr_carea' id='block_1_2' title="bbox 553 719 1367 810">
    <p class='ocr_par' dir='ltr' id='par_1_2' title="bbox 553 719 1367 810">
     <span class='ocr_line' id='line_1_2' title="bbox 553 719 1367 810; baseline 0.018 -21"><span class='ocrx_word' id='word_1_6' title='bbox 553 720 634 810; x_wconf 89' lang='lat'><strong>348.</strong></span> <span class='ocrx_word' id='word_1_7' title='bbox 669 719 744 792; x_wconf 87' lang='lat' dir='ltr'>DE</span> <span class='ocrx_word' id='word_1_8' title='bbox 774 719 999 795; x_wconf 88' lang='lat' dir='ltr'>SANCTO</span> <span class='ocrx_word' id='word_1_9' title='bbox 1031 722 1367 804; x_wconf 88' lang='lat' dir='ltr'>EVSTACHIO.</span> 
     </span>
    </p>
   </div>
   <div class='ocr_carea' id='block_1_3' title="bbox 309 871 930 2566">
    <p class='ocr_par' dir='ltr' id='par_1_3' title="bbox 309 871 930 2566">
     <span class='ocr_line' id='line_1_3' title="bbox 640 871 651 915; baseline 0 0"><span class='ocrx_word' id='word_1_10' title='bbox 640 871 651 915; x_wconf 92' lang='lat'><em>1</em></span> 
     </span>
     <span class='ocr_line' id='line_1_4' title="bbox 375 947 847 1014; baseline 0 0"><span class='ocrx_word' id='word_1_11' title='bbox 375 949 503 1014; x_wconf 90' lang='lat' dir='ltr'>Omnes</span> <span class='ocrx_word' id='word_1_12' title='bbox 521 947 655 1014; x_wconf 93' lang='lat' dir='ltr'>Christo</span> <span class='ocrx_word' id='word_1_13' title='bbox 671 950 847 1014; x_wconf 91' lang='lat' dir='ltr'>iubilemus</span> 
     </span>
     <span class='ocr_line' id='line_1_5' title="bbox 373 1044 773 1127; baseline 0.008 -20"><span class='ocrx_word' id='word_1_14' title='bbox 373 1066 411 1108; x_wconf 92' lang='lat' dir='ltr'>ac</span> <span class='ocrx_word' id='word_1_15' title='bbox 429 1045 553 1127; x_wconf 86' lang='lat' dir='ltr'>pariter</span> <span class='ocrx_word' id='word_1_16' title='bbox 568 1044 773 1110; x_wconf 86' lang='lat' dir='ltr'>celebremus</span> 
     </span>
     <span class='ocr_line' id='line_1_6' title="bbox 417 1142 818 1223; baseline 0.005 -19"><span class='ocrx_word' id='word_1_17' title='bbox 417 1151 601 1223; x_wconf 88' lang='lat' dir='ltr'>martyrum</span> <span class='ocrx_word' id='word_1_18' title='bbox 619 1142 795 1206; x_wconf 81' lang='lat' dir='ltr'>sollemnia</span> <span class='ocrx_word' id='word_1_19' title='bbox 811 1165 818 1220; x_wconf 89' lang='lat'>;</span> 
     </span>
     <span class='ocr_line' id='line_1_7' title="bbox 482 1227 652 1298; baseline 0.006 -1"><span class='ocrx_word' id='word_1_20' title='bbox 482 1227 486 1234; x_wconf 79' lang='grc'><strong>’</strong></span> <span class='ocrx_word' id='word_1_21' title='bbox 634 1255 652 1298; x_wconf 92' lang='lat'><em>2</em></span> 
     </span>
     <span class='ocr_line' id='line_1_8' title="bbox 373 1333 848 1414; baseline -0.002 -18"><span class='ocrx_word' id='word_1_22' title='bbox 373 1333 491 1408; x_wconf 84' lang='lat' dir='ltr'>Corde,</span> <span class='ocrx_word' id='word_1_23' title='bbox 508 1341 619 1395; x_wconf 91' lang='lat' dir='ltr'>mente</span> <span class='ocrx_word' id='word_1_24' title='bbox 636 1334 848 1414; x_wconf 68' lang='lat' dir='ltr'>suspiremus</span> 
     </span>
     <span class='ocr_line' id='line_1_9' title="bbox 371 1428 825 1510; baseline 0 -20"><span class='ocrx_word' id='word_1_25' title='bbox 371 1449 461 1506; x_wconf 91' lang='lat' dir='ltr'>voce,</span> <span class='ocrx_word' id='word_1_26' title='bbox 478 1428 592 1510; x_wconf 83' lang='lat' dir='ltr'>lingua</span> <span class='ocrx_word' id='word_1_27' title='bbox 609 1448 825 1510; x_wconf 86' lang='lat' dir='ltr'>personemus</span> 
     </span>
     <span class='ocr_line' id='line_1_10' title="bbox 413 1527 833 1609; baseline 0.005 -21"><span class='ocrx_word' id='word_1_28' title='bbox 413 1546 514 1609; x_wconf 90' lang='lat' dir='ltr'>quam</span> <span class='ocrx_word' id='word_1_29' title='bbox 533 1527 599 1600; x_wconf 69' lang='lat' dir='ltr'>sim</span> <span class='ocrx_word' id='word_1_30' title='bbox 616 1546 692 1588; x_wconf 90' lang='lat' dir='ltr'>vera</span> <span class='ocrx_word' id='word_1_31' title='bbox 708 1527 833 1609; x_wconf 86' lang='lat' dir='ltr'>gaudia</span> 
     </span>
     <span class='ocr_line' id='line_1_11' title="bbox 371 1619 930 1704; baseline 0.007 -21"><span class='ocrx_word' id='word_1_32' title='bbox 371 1620 468 1703; x_wconf 86' lang='lat' dir='ltr'>Quae</span> <span class='ocrx_word' id='word_1_33' title='bbox 484 1622 543 1684; x_wconf 92' lang='lat' dir='ltr'>dat</span> <span class='ocrx_word' id='word_1_34' title='bbox 560 1619 713 1686; x_wconf 89' lang='lat' dir='ltr'>Christus</span> <span class='ocrx_word' id='word_1_35' title='bbox 731 1622 762 1684; x_wconf 93' lang='lat' dir='ltr'>in</span> <span class='ocrx_word' id='word_1_36' title='bbox 782 1625 930 1704; x_wconf 91' lang='lat' dir='ltr'>praemio</span> 
     </span>
     <span class='ocr_line' id='line_1_12' title="bbox 371 1716 807 1800; baseline 0.007 -22"><span class='ocrx_word' id='word_1_37' title='bbox 371 1717 421 1778; x_wconf 91' lang='lat' dir='ltr'>his</span> <span class='ocrx_word' id='word_1_38' title='bbox 438 1717 494 1799; x_wconf 93' lang='lat' dir='ltr'>qui</span> <span class='ocrx_word' id='word_1_39' title='bbox 512 1716 614 1779; x_wconf 86' lang='lat' dir='ltr'>sortes</span> <span class='ocrx_word' id='word_1_40' title='bbox 631 1719 663 1779; x_wconf 91' lang='lat' dir='ltr'>in</span> <span class='ocrx_word' id='word_1_41' title='bbox 681 1717 807 1800; x_wconf 86' lang='lat' dir='ltr'>praelio</span> 
     </span>
     <span class='ocr_line' id='line_1_13' title="bbox 414 1811 751 1894; baseline 0 -19"><span class='ocrx_word' id='word_1_42' title='bbox 414 1811 563 1875; x_wconf 91' lang='lat' dir='ltr'>vicerunt</span> <span class='ocrx_word' id='word_1_43' title='bbox 580 1813 751 1894; x_wconf 92' lang='lat' dir='ltr'>supplicia.</span> 
     </span>
     <span class='ocr_line' id='line_1_14' title="bbox 372 2003 919 2086; baseline 0.005 -20"><span class='ocrx_word' id='word_1_44' title='bbox 372 2003 477 2068; x_wconf 90' lang='lat' dir='ltr'>Cruce</span> <span class='ocrx_word' id='word_1_45' title='bbox 495 2012 635 2066; x_wconf 90' lang='lat' dir='ltr'>mortem</span> <span class='ocrx_word' id='word_1_46' title='bbox 655 2003 721 2086; x_wconf 88' lang='lat' dir='ltr'>Qui</span> <span class='ocrx_word' id='word_1_47' title='bbox 738 2005 919 2070; x_wconf 89' lang='lat' dir='ltr'>substravit</span> 
     </span>
     <span class='ocr_line' id='line_1_15' title="bbox 370 2099 883 2180; baseline 0.006 -20"><span class='ocrx_word' id='word_1_48' title='bbox 370 2099 502 2180; x_wconf 85' lang='lat' dir='ltr'>signum</span> <span class='ocrx_word' id='word_1_49' title='bbox 519 2101 624 2162; x_wconf 89' lang='lat' dir='ltr'>crucis</span> <span class='ocrx_word' id='word_1_50' title='bbox 640 2101 883 2164; x_wconf 89' lang='lat' dir='ltr'>demonstravit</span> 
     </span>
     <span class='ocr_line' id='line_1_16' title="bbox 309 2195 751 2272; baseline 0.005 -16"><span class='ocrx_word' id='word_1_51' title='bbox 309 2221 311 2226; x_wconf 95' lang='lat'>·</span> <span class='ocrx_word' id='word_1_52' title='bbox 414 2195 499 2257; x_wconf 91' lang='lat' dir='ltr'>inter</span> <span class='ocrx_word' id='word_1_53' title='bbox 515 2197 600 2257; x_wconf 89' lang='lat' dir='ltr'>cervi</span> <span class='ocrx_word' id='word_1_54' title='bbox 618 2216 751 2272; x_wconf 91' lang='lat' dir='ltr'>cornua,</span> 
     </span>
     <span class='ocr_line' id='line_1_17' title="bbox 372 2291 863 2374; baseline 0.008 -21"><span class='ocrx_word' id='word_1_55' title='bbox 372 2292 456 2353; x_wconf 89' lang='lat' dir='ltr'>Fera</span> <span class='ocrx_word' id='word_1_56' title='bbox 472 2291 583 2371; x_wconf 88' lang='lat' dir='ltr'>signat</span> <span class='ocrx_word' id='word_1_57' title='bbox 601 2291 863 2374; x_wconf 89' lang='lat' dir='ltr'>Redemptorem</span> 
     </span>
     <span class='ocr_line' id='line_1_18' title="bbox 370 2397 768 2452; baseline -0.003 -1"><span class='ocrx_word' id='word_1_58' title='bbox 370 2399 403 2452; x_wconf 92' lang='lat' dir='ltr'>et</span> <span class='ocrx_word' id='word_1_59' title='bbox 420 2401 560 2451; x_wconf 83' lang='lat' dir='ltr'>venatur</span> <span class='ocrx_word' id='word_1_60' title='bbox 576 2397 768 2451; x_wconf 83' lang='lat' dir='ltr'>venatorem</span> 
     </span>
     <span class='ocr_line' id='line_1_19' title="bbox 413 2486 813 2566; baseline 0.003 -19"><span class='ocrx_word' id='word_1_61' title='bbox 413 2493 608 2566; x_wconf 88' lang='lat' dir='ltr'>sequentem</span> <span class='ocrx_word' id='word_1_62' title='bbox 626 2505 685 2566; x_wconf 90' lang='lat' dir='ltr'>per</span> <span class='ocrx_word' id='word_1_63' title='bbox 701 2486 813 2548; x_wconf 91' lang='lat' dir='ltr'>ardua.</span> 
     </span>
    </p>
   </div>
   <div class='ocr_carea' id='block_1_4' title="bbox 370 2598 821 2756">
    <p class='ocr_par' dir='ltr' id='par_1_4' title="bbox 370 2598 821 2756">
     <span class='ocr_line' id='line_1_20' title="bbox 370 2598 821 2756; baseline 0.002 -17"><span class='ocrx_word' id='word_1_64' title='bbox 370 2675 530 2739; x_wconf 90' lang='lat' dir='ltr'>Gressum</span> <span class='ocrx_word' id='word_1_65' title='bbox 548 2673 620 2756; x_wconf 88' lang='lat' dir='ltr'>figit</span> <span class='ocrx_word' id='word_1_66' title='bbox 630 2598 670 2737; x_wconf 52' lang='lat' dir='ltr'>it</span> <span class='ocrx_word' id='word_1_67' title='bbox 687 2676 821 2740; x_wconf 87' lang='lat' dir='ltr'>adfatur</span> 
     </span>
    </p>
   </div>
   <div class='ocr_carea' id='block_1_5' title="bbox 366 2775 878 4577">
    <p class='ocr_par' dir='ltr' id='par_1_5' title="bbox 369 2775 796 2951">
     <span class='ocr_line' id='line_1_21' title="bbox 369 2775 796 2856; baseline 0.007 -19"><span class='ocrx_word' id='word_1_68' title='bbox 369 2783 402 2838; x_wconf 90' lang='lat' dir='ltr'>et</span> <span class='ocrx_word' id='word_1_69' title='bbox 419 2775 586 2856; x_wconf 85' lang='lat' dir='ltr'>placidam</span> <span class='ocrx_word' id='word_1_70' title='bbox 604 2775 796 2854; x_wconf 85' lang='lat' dir='ltr'>admiratur,</span> 
     </span>
     <span class='ocr_line' id='line_1_22' title="bbox 412 2870 749 2951; baseline 0.006 -19"><span class='ocrx_word' id='word_1_71' title='bbox 412 2879 522 2934; x_wconf 89' lang='lat' dir='ltr'>tactus</span> <span class='ocrx_word' id='word_1_72' title='bbox 539 2871 603 2932; x_wconf 95' lang='lat' dir='ltr'>Dei</span> <span class='ocrx_word' id='word_1_73' title='bbox 620 2870 749 2951; x_wconf 87' lang='lat' dir='ltr'>gratia;</span> 
     </span>
    </p>

    <p class='ocr_par' dir='ltr' id='par_1_6' title="bbox 367 2963 796 3043">
     <span class='ocr_line' id='line_1_23' title="bbox 367 2963 796 3043; baseline 0 -13"><span class='ocrx_word' id='word_1_74' title='bbox 367 2963 466 3030; x_wconf 90' lang='lat' dir='ltr'>Cedit</span> <span class='ocrx_word' id='word_1_75' title='bbox 482 2987 580 3043; x_wconf 92' lang='lat' dir='ltr'>error,</span> <span class='ocrx_word' id='word_1_76' title='bbox 597 2964 680 3030; x_wconf 87' lang='lat' dir='ltr'>fides</span> <span class='ocrx_word' id='word_1_77' title='bbox 695 2967 796 3030; x_wconf 91' lang='lat' dir='ltr'>datur</span> 
     </span>
    </p>

    <p class='ocr_par' dir='ltr' id='par_1_7' title="bbox 367 3062 778 3240">
     <span class='ocr_line' id='line_1_24' title="bbox 367 3062 778 3145; baseline -0.005 -19"><span class='ocrx_word' id='word_1_78' title='bbox 367 3073 399 3126; x_wconf 88' lang='lat' dir='ltr'>et</span> <span class='ocrx_word' id='word_1_79' title='bbox 416 3062 460 3126; x_wconf 96' lang='lat' dir='ltr'>ab</span> <span class='ocrx_word' id='word_1_80' title='bbox 476 3062 549 3144; x_wconf 93' lang='lat' dir='ltr'>ipso</span> <span class='ocrx_word' id='word_1_81' title='bbox 566 3062 778 3145; x_wconf 89' lang='lat' dir='ltr'>requiruntur</span> 
     </span>
     <span class='ocr_line' id='line_1_25' title="bbox 410 3157 754 3240; baseline -0.003 -19"><span class='ocrx_word' id='word_1_82' title='bbox 410 3157 570 3240; x_wconf 89' lang='lat' dir='ltr'>baptismi</span> <span class='ocrx_word' id='word_1_83' title='bbox 588 3158 754 3239; x_wconf 90' lang='lat' dir='ltr'>mysteria.</span> 
     </span>
    </p>

    <p class='ocr_par' dir='ltr' id='par_1_8' title="bbox 632 3275 646 3342">
     <span class='ocr_line' id='line_1_26' title="bbox 632 3275 646 3342; baseline 0 0"><span class='ocrx_word' id='word_1_84' title='bbox 632 3275 646 3342; x_wconf 83' lang='lat'>5</span> 
     </span>
    </p>

    <p class='ocr_par' dir='ltr' id='par_1_9' title="bbox 369 3367 861 3445">
     <span class='ocr_line' id='line_1_27' title="bbox 369 3367 861 3445; baseline -0.006 -15"><span class='ocrx_word' id='word_1_85' title='bbox 369 3367 480 3430; x_wconf 87' lang='lat' dir='ltr'>Mores</span> <span class='ocrx_word' id='word_1_86' title='bbox 498 3373 606 3427; x_wconf 91' lang='lat' dir='ltr'>mutat</span> <span class='ocrx_word' id='word_1_87' title='bbox 622 3373 722 3445; x_wconf 89' lang='lat' dir='ltr'>atque</span> <span class='ocrx_word' id='word_1_88' title='bbox 740 3384 861 3430; x_wconf 90' lang='lat' dir='ltr'>nomen</span> 
     </span>
    </p>

    <p class='ocr_par' dir='ltr' id='par_1_10' title="bbox 368 3459 878 3640">
     <span class='ocr_line' id='line_1_28' title="bbox 368 3459 878 3527; baseline -0.008 -1"><span class='ocrx_word' id='word_1_89' title='bbox 368 3464 494 3527; x_wconf 92' lang='lat' dir='ltr'>bonum</span> <span class='ocrx_word' id='word_1_90' title='bbox 512 3460 625 3524; x_wconf 90' lang='lat' dir='ltr'>turbat</span> <span class='ocrx_word' id='word_1_91' title='bbox 641 3481 684 3522; x_wconf 88' lang='lat' dir='ltr'>ex</span> <span class='ocrx_word' id='word_1_92' title='bbox 701 3459 765 3522; x_wconf 90' lang='lat' dir='ltr'>hoc</span> <span class='ocrx_word' id='word_1_93' title='bbox 781 3481 878 3523; x_wconf 90' lang='lat' dir='ltr'>omen</span> 
     </span>
     <span class='ocr_line' id='line_1_29' title="bbox 411 3556 762 3640; baseline -0.009 -19"><span class='ocrx_word' id='word_1_94' title='bbox 411 3557 574 3640; x_wconf 91' lang='lat' dir='ltr'>serpentis</span> <span class='ocrx_word' id='word_1_95' title='bbox 591 3556 740 3636; x_wconf 89' lang='lat' dir='ltr'>nequitia</span> <span class='ocrx_word' id='word_1_96' title='bbox 753 3577 762 3634; x_wconf 90' lang='lat'>;</span> 
     </span>
    </p>

    <p class='ocr_par' dir='ltr' id='par_1_11' title="bbox 367 3651 842 3728">
     <span class='ocr_line' id='line_1_30' title="bbox 367 3651 842 3728; baseline -0.013 -10"><span class='ocrx_word' id='word_1_97' title='bbox 367 3656 422 3718; x_wconf 91' lang='lat' dir='ltr'>Fit</span> <span class='ocrx_word' id='word_1_98' title='bbox 438 3655 565 3716; x_wconf 92' lang='lat' dir='ltr'>iactura</span> <span class='ocrx_word' id='word_1_99' title='bbox 582 3651 842 3728; x_wconf 85' lang='lat' dir='ltr'>mundanorum,</span> 
     </span>
    </p>

    <p class='ocr_par' dir='ltr' id='par_1_12' title="bbox 366 3747 848 3906">
     <span class='ocr_line' id='line_1_31' title="bbox 366 3747 848 3831; baseline -0.008 -18"><span class='ocrx_word' id='word_1_100' title='bbox 366 3751 424 3813; x_wconf 90' lang='lat' dir='ltr'>sed</span> <span class='ocrx_word' id='word_1_101' title='bbox 441 3769 518 3831; x_wconf 91' lang='lat' dir='ltr'>spes</span> <span class='ocrx_word' id='word_1_102' title='bbox 533 3747 622 3810; x_wconf 90' lang='lat' dir='ltr'>levat</span> <span class='ocrx_word' id='word_1_103' title='bbox 638 3755 848 3809; x_wconf 90' lang='lat' dir='ltr'>aeternorum</span> 
     </span>
     <span class='ocr_line' id='line_1_32' title="bbox 410 3842 729 3906; baseline -0.009 1"><span class='ocrx_word' id='word_1_104' title='bbox 410 3846 533 3906; x_wconf 90' lang='lat' dir='ltr'>iustum</span> <span class='ocrx_word' id='word_1_105' title='bbox 552 3863 572 3904; x_wconf 92' lang='lat' dir='ltr'>a</span> <span class='ocrx_word' id='word_1_106' title='bbox 589 3842 729 3904; x_wconf 88' lang='lat' dir='ltr'>miseria.</span> 
     </span>
    </p>

    <p class='ocr_par' dir='ltr' id='par_1_13' title="bbox 369 4032 748 4115">
     <span class='ocr_line' id='line_1_33' title="bbox 369 4032 748 4115; baseline -0.016 -15"><span class='ocrx_word' id='word_1_107' title='bbox 369 4037 480 4100; x_wconf 92' lang='lat' dir='ltr'>Pudor</span> <span class='ocrx_word' id='word_1_108' title='bbox 496 4035 586 4115; x_wconf 80' lang='lat' dir='ltr'>cogit</span> <span class='ocrx_word' id='word_1_109' title='bbox 602 4032 748 4095; x_wconf 88' lang='lat' dir='ltr'>exsulari</span> 
     </span>
    </p>

    <p class='ocr_par' dir='ltr' id='par_1_14' title="bbox 369 4129 779 4302">
     <span class='ocr_line' id='line_1_34' title="bbox 369 4129 779 4214; baseline -0.022 -17"><span class='ocrx_word' id='word_1_110' title='bbox 369 4152 468 4214; x_wconf 91' lang='lat' dir='ltr'>quem</span> <span class='ocrx_word' id='word_1_111' title='bbox 485 4130 615 4194; x_wconf 91' lang='lat' dir='ltr'>solebat</span> <span class='ocrx_word' id='word_1_112' title='bbox 632 4129 779 4192; x_wconf 88' lang='lat' dir='ltr'>venerari</span> 
     </span>
     <span class='ocr_line' id='line_1_35' title="bbox 413 4223 738 4302; baseline -0.018 -10"><span class='ocrx_word' id='word_1_113' title='bbox 413 4225 565 4292; x_wconf 90' lang='lat' dir='ltr'>Caesaris</span> <span class='ocrx_word' id='word_1_114' title='bbox 582 4223 700 4288; x_wconf 93' lang='lat' dir='ltr'>militia</span> <span class='ocrx_word' id='word_1_115' title='bbox 715 4229 738 4302; x_wconf 78' lang='lat'>;&#39;</span> 
     </span>
    </p>

    <p class='ocr_par' dir='ltr' id='par_1_15' title="bbox 370 4321 818 4388">
     <span class='ocr_line' id='line_1_36' title="bbox 370 4321 818 4388; baseline -0.013 -1"><span class='ocrx_word' id='word_1_116' title='bbox 370 4323 425 4388; x_wconf 92' lang='lat' dir='ltr'>Sic</span> <span class='ocrx_word' id='word_1_117' title='bbox 441 4323 584 4387; x_wconf 89' lang='lat' dir='ltr'>afflictus</span> <span class='ocrx_word' id='word_1_118' title='bbox 600 4321 818 4384; x_wconf 87' lang='lat' dir='ltr'>tentamentis</span> 
     </span>
    </p>

    <p class='ocr_par' dir='ltr' id='par_1_16' title="bbox 368 4417 780 4577">
     <span class='ocr_line' id='line_1_37' title="bbox 368 4417 780 4482; baseline -0.005 -2"><span class='ocrx_word' id='word_1_119' title='bbox 368 4417 536 4482; x_wconf 85' lang='lat' dir='ltr'>lndesesso</span> <span class='ocrx_word' id='word_1_120' title='bbox 551 4426 640 4480; x_wconf 92' lang='lat' dir='ltr'>statu</span> <span class='ocrx_word' id='word_1_121' title='bbox 659 4417 780 4479; x_wconf 91' lang='lat' dir='ltr'>mentis</span> 
     </span>
     <span class='ocr_line' id='line_1_38' title="bbox 410 4513 757 4577; baseline -0.009 0"><span class='ocrx_word' id='word_1_122' title='bbox 410 4514 519 4577; x_wconf 89' lang='lat' dir='ltr'>calcat</span> <span class='ocrx_word' id='word_1_123' title='bbox 535 4513 633 4575; x_wconf 88' lang='lat' dir='ltr'>saecli</span> <span class='ocrx_word' id='word_1_124' title='bbox 652 4513 757 4575; x_wconf 90' lang='lat' dir='ltr'>devia.</span> 
     </span>
    </p>
   </div>
   <div class='ocr_carea' id='block_1_6' title="bbox 370 4633 801 4796">
    <p class='ocr_par' dir='ltr' id='par_1_17' title="bbox 370 4633 801 4796">
     <span class='ocr_line' id='line_1_39' title="bbox 370 4633 801 4796; baseline -0.009 -14"><span class='ocrx_word' id='word_1_125' title='bbox 370 4714 425 4782; x_wconf 87' lang='lat' dir='ltr'>Sic</span> <span class='ocrx_word' id='word_1_126' title='bbox 441 4717 483 4779; x_wconf 90' lang='lat' dir='ltr'>ad</span> <span class='ocrx_word' id='word_1_127' title='bbox 502 4736 593 4779; x_wconf 90' lang='lat' dir='ltr'>mare</span> <span class='ocrx_word' id='word_1_128' title='bbox 610 4633 801 4796; x_wconf 77' lang='lat' dir='ltr'>p7ervenitur</span> 
     </span>
    </p>
   </div>
   <div class='ocr_carea' id='block_1_7' title="bbox 371 4811 823 5069">
    <p class='ocr_par' dir='ltr' id='par_1_18' title="bbox 371 4811 823 5069">
     <span class='ocr_line' id='line_1_40' title="bbox 371 4811 729 4876; baseline -0.003 -3"><span class='ocrx_word' id='word_1_129' title='bbox 371 4820 404 4874; x_wconf 93' lang='lat' dir='ltr'>et</span> <span class='ocrx_word' id='word_1_130' title='bbox 420 4811 544 4876; x_wconf 88' lang='lat' dir='ltr'>ibidem</span> <span class='ocrx_word' id='word_1_131' title='bbox 562 4811 729 4874; x_wconf 92' lang='lat' dir='ltr'>invenitur</span> 
     </span>
     <span class='ocr_line' id='line_1_41' title="bbox 416 4908 782 4985; baseline -0.005 -15"><span class='ocrx_word' id='word_1_132' title='bbox 416 4917 517 4972; x_wconf 89' lang='lat' dir='ltr'>nauta</span> <span class='ocrx_word' id='word_1_133' title='bbox 533 4908 618 4971; x_wconf 83' lang='lat' dir='ltr'>ireto</span> <span class='ocrx_word' id='word_1_134' title='bbox 633 4908 762 4970; x_wconf 90' lang='lat' dir='ltr'>saevior</span> <span class='ocrx_word' id='word_1_135' title='bbox 775 4931 782 4985; x_wconf 91' lang='lat'>;</span> 
     </span>
     <span class='ocr_line' id='line_1_42' title="bbox 374 5001 823 5069; baseline 0 0"><span class='ocrx_word' id='word_1_136' title='bbox 374 5001 473 5069; x_wconf 86' lang='lat' dir='ltr'>Uxor</span> <span class='ocrx_word' id='word_1_137' title='bbox 490 5005 576 5068; x_wconf 90' lang='lat' dir='ltr'>male</span> <span class='ocrx_word' id='word_1_138' title='bbox 591 5013 762 5068; x_wconf 89' lang='lat' dir='ltr'>coercetur</span> <span class='ocrx_word' id='word_1_139' title='bbox 819 5005 823 5016; x_wconf 90' lang='lat'>&#39;</span> 
     </span>
    </p>
   </div>
   <div class='ocr_carea' id='block_1_8' title="bbox 1006 848 1493 1050">
    <p class='ocr_par' dir='ltr' id='par_1_19' title="bbox 1006 848 1493 1050">
     <span class='ocr_line' id='line_1_43' title="bbox 1006 848 1493 962; baseline 0.014 -22"><span class='ocrx_word' id='word_1_140' title='bbox 1006 887 1039 940; x_wconf 94' lang='lat' dir='ltr'>et</span> <span class='ocrx_word' id='word_1_141' title='bbox 1055 898 1116 958; x_wconf 92' lang='lat' dir='ltr'>pro</span> <span class='ocrx_word' id='word_1_142' title='bbox 1133 879 1233 943; x_wconf 88' lang='lat' dir='ltr'>naulo</span> <span class='ocrx_word' id='word_1_143' title='bbox 1249 880 1439 962; x_wconf 90' lang='lat' dir='ltr'>detinetur;</span> <span class='ocrx_word' id='word_1_144' title='bbox 1490 848 1493 858; x_wconf 51' lang='lat'>,</span> 
     </span>
     <span class='ocr_line' id='line_1_44' title="bbox 1050 963 1392 1050; baseline 0.02 -23"><span class='ocrx_word' id='word_1_145' title='bbox 1050 963 1087 1028; x_wconf 90' lang='lat' dir='ltr'>fit</span> <span class='ocrx_word' id='word_1_146' title='bbox 1103 975 1242 1050; x_wconf 90' lang='lat' dir='ltr'>uterque</span> <span class='ocrx_word' id='word_1_147' title='bbox 1259 968 1392 1035; x_wconf 91' lang='lat' dir='ltr'>tristior.</span> 
     </span>
    </p>
   </div>
   <div class='ocr_carea' id='block_1_9' title="bbox 1006 1057 1464 1224">
    <p class='ocr_par' dir='ltr' id='par_1_20' title="bbox 1006 1057 1464 1224">
     <span class='ocr_line' id='line_1_45' title="bbox 1006 1057 1464 1224; baseline 0.02 -23"><span class='ocrx_word' id='word_1_148' title='bbox 1006 1140 1104 1203; x_wconf 85' lang='lat' dir='ltr'>Pater</span> <span class='ocrx_word' id='word_1_149' title='bbox 1120 1141 1236 1224; x_wconf 90' lang='lat' dir='ltr'>lugens</span> <span class='ocrx_word' id='word_1_150' title='bbox 1252 1057 1332 1224; x_wconf 78' lang='lat' dir='ltr'>p8rae</span> <span class='ocrx_word' id='word_1_151' title='bbox 1348 1144 1464 1209; x_wconf 94' lang='lat' dir='ltr'>dolore</span> 
     </span>
    </p>
   </div>
   <div class='ocr_carea' id='block_1_10' title="bbox 1001 1237 1535 1704">
    <p class='ocr_par' dir='ltr' id='par_1_21' title="bbox 1001 1237 1535 1704">
     <span class='ocr_line' id='line_1_46' title="bbox 1002 1237 1447 1318; baseline 0.016 -20"><span class='ocrx_word' id='word_1_152' title='bbox 1002 1237 1109 1318; x_wconf 88' lang='lat' dir='ltr'>carpit</span> <span class='ocrx_word' id='word_1_153' title='bbox 1126 1238 1187 1301; x_wconf 92' lang='lat' dir='ltr'>iter</span> <span class='ocrx_word' id='word_1_154' title='bbox 1202 1259 1278 1301; x_wconf 91' lang='lat' dir='ltr'>cum</span> <span class='ocrx_word' id='word_1_155' title='bbox 1296 1260 1447 1306; x_wconf 90' lang='lat' dir='ltr'>moerore</span> 
     </span>
     <span class='ocr_line' id='line_1_47' title="bbox 1046 1335 1427 1417; baseline 0.013 -22"><span class='ocrx_word' id='word_1_156' title='bbox 1046 1353 1105 1396; x_wconf 91' lang='lat' dir='ltr'>sua</span> <span class='ocrx_word' id='word_1_157' title='bbox 1122 1335 1266 1397; x_wconf 89' lang='lat' dir='ltr'>tundens</span> <span class='ocrx_word' id='word_1_158' title='bbox 1283 1345 1427 1417; x_wconf 90' lang='lat' dir='ltr'>pectora,</span> 
     </span>
     <span class='ocr_line' id='line_1_48' title="bbox 1003 1429 1535 1513; baseline 0.015 -22"><span class='ocrx_word' id='word_1_159' title='bbox 1003 1429 1057 1491; x_wconf 91' lang='lat' dir='ltr'>Nil</span> <span class='ocrx_word' id='word_1_160' title='bbox 1077 1429 1310 1510; x_wconf 88' lang='lat' dir='ltr'>blasphemum</span> <span class='ocrx_word' id='word_1_161' title='bbox 1328 1433 1453 1512; x_wconf 73' lang='lat' dir='ltr'>profert</span> <span class='ocrx_word' id='word_1_162' title='bbox 1469 1456 1535 1513; x_wconf 88' lang='lat' dir='ltr'>ore,</span> 
     </span>
     <span class='ocr_line' id='line_1_49' title="bbox 1001 1526 1463 1608; baseline 0.015 -22"><span class='ocrx_word' id='word_1_163' title='bbox 1001 1544 1116 1587; x_wconf 90' lang='lat' dir='ltr'>vocem</span> <span class='ocrx_word' id='word_1_164' title='bbox 1134 1526 1256 1608; x_wconf 88' lang='lat' dir='ltr'>premit</span> <span class='ocrx_word' id='word_1_165' title='bbox 1272 1547 1292 1589; x_wconf 89' lang='lat' dir='ltr'>a</span> <span class='ocrx_word' id='word_1_166' title='bbox 1308 1527 1463 1607; x_wconf 91' lang='lat' dir='ltr'>clamore,</span> 
     </span>
     <span class='ocr_line' id='line_1_50' title="bbox 1045 1621 1412 1704; baseline 0.016 -22"><span class='ocrx_word' id='word_1_167' title='bbox 1045 1641 1122 1683; x_wconf 91' lang='lat' dir='ltr'>cara</span> <span class='ocrx_word' id='word_1_168' title='bbox 1139 1621 1246 1684; x_wconf 86' lang='lat' dir='ltr'>serens</span> <span class='ocrx_word' id='word_1_169' title='bbox 1263 1622 1412 1704; x_wconf 88' lang='lat' dir='ltr'>pignora.</span> 
     </span>
    </p>
   </div>
   <div class='ocr_carea' id='block_1_11' title="bbox 1003 1727 1477 1884">
    <p class='ocr_par' dir='ltr' id='par_1_22' title="bbox 1003 1727 1477 1884">
     <span class='ocr_line' id='line_1_51' title="bbox 1003 1727 1477 1884; baseline 0.011 -24"><span class='ocrx_word' id='word_1_170' title='bbox 1003 1796 1082 1860; x_wconf 87' lang='lat' dir='ltr'>Sine</span> <span class='ocrx_word' id='word_1_171' title='bbox 1098 1806 1168 1858; x_wconf 94' lang='lat' dir='ltr'>rate</span> <span class='ocrx_word' id='word_1_172' title='bbox 1183 1727 1303 1860; x_wconf 80' lang='lat' dir='ltr'>trans9it</span> <span class='ocrx_word' id='word_1_173' title='bbox 1318 1798 1456 1864; x_wconf 88' lang='lat' dir='ltr'>fluctum</span> <span class='ocrx_word' id='word_1_174' title='bbox 1469 1826 1477 1884; x_wconf 91' lang='lat'>;</span> 
     </span>
    </p>
   </div>
   <div class='ocr_carea' id='block_1_12' title="bbox 1001 1890 1510 2264">
    <p class='ocr_par' dir='ltr' id='par_1_23' title="bbox 1002 1890 1510 2070">
     <span class='ocr_line' id='line_1_52' title="bbox 1002 1890 1510 1974; baseline 0.022 -22"><span class='ocrx_word' id='word_1_175' title='bbox 1002 1891 1079 1954; x_wconf 87' lang='lat' dir='ltr'>inde</span> <span class='ocrx_word' id='word_1_176' title='bbox 1097 1890 1225 1955; x_wconf 87' lang='lat' dir='ltr'>Sathan</span> <span class='ocrx_word' id='word_1_177' title='bbox 1243 1903 1344 1974; x_wconf 87' lang='lat' dir='ltr'>auget</span> <span class='ocrx_word' id='word_1_178' title='bbox 1361 1895 1510 1963; x_wconf 88' lang='lat' dir='ltr'>luctum:</span> 
     </span>
     <span class='ocr_line' id='line_1_53' title="bbox 1045 1986 1375 2070; baseline 0.009 -22"><span class='ocrx_word' id='word_1_179' title='bbox 1045 1987 1111 2049; x_wconf 87' lang='lat' dir='ltr'>fere</span> <span class='ocrx_word' id='word_1_180' title='bbox 1128 1986 1216 2051; x_wconf 92' lang='lat' dir='ltr'>tollit</span> <span class='ocrx_word' id='word_1_181' title='bbox 1232 2007 1353 2070; x_wconf 90' lang='lat' dir='ltr'>pueros</span> <span class='ocrx_word' id='word_1_182' title='bbox 1368 2011 1375 2066; x_wconf 94' lang='lat'>;</span> 
     </span>
    </p>

    <p class='ocr_par' dir='ltr' id='par_1_24' title="bbox 1003 2083 1402 2149">
     <span class='ocr_line' id='line_1_54' title="bbox 1003 2083 1402 2149; baseline 0.008 -3"><span class='ocrx_word' id='word_1_183' title='bbox 1003 2084 1118 2146; x_wconf 89' lang='lat' dir='ltr'>Nescit</span> <span class='ocrx_word' id='word_1_184' title='bbox 1135 2083 1221 2146; x_wconf 91' lang='lat' dir='ltr'>ultra</span> <span class='ocrx_word' id='word_1_185' title='bbox 1238 2086 1402 2149; x_wconf 88' lang='lat' dir='ltr'>consolari</span> 
     </span>
    </p>

    <p class='ocr_par' dir='ltr' id='par_1_25' title="bbox 1001 2181 1387 2264">
     <span class='ocr_line' id='line_1_55' title="bbox 1001 2181 1387 2264; baseline 0.008 -22"><span class='ocrx_word' id='word_1_186' title='bbox 1001 2201 1062 2242; x_wconf 92' lang='lat' dir='ltr'>nec</span> <span class='ocrx_word' id='word_1_187' title='bbox 1078 2201 1097 2243; x_wconf 89' lang='lat' dir='ltr'>a</span> <span class='ocrx_word' id='word_1_188' title='bbox 1113 2181 1193 2244; x_wconf 86' lang='lat' dir='ltr'>fletu</span> <span class='ocrx_word' id='word_1_189' title='bbox 1209 2184 1387 2264; x_wconf 89' lang='lat' dir='ltr'>temperari</span> 
     </span>
    </p>
   </div>
   <div class='ocr_carea' id='block_1_13' title="bbox 1002 2278 1442 2534">
    <p class='ocr_par' dir='ltr' id='par_1_26' title="bbox 1002 2278 1442 2534">
     <span class='ocr_line' id='line_1_56' title="bbox 1043 2278 1413 2360; baseline 0.014 -22"><span class='ocrx_word' id='word_1_190' title='bbox 1043 2296 1181 2340; x_wconf 90' lang='lat' dir='ltr'>cernens</span> <span class='ocrx_word' id='word_1_191' title='bbox 1198 2279 1268 2360; x_wconf 92' lang='lat' dir='ltr'>rapi</span> <span class='ocrx_word' id='word_1_192' title='bbox 1285 2278 1413 2343; x_wconf 90' lang='lat' dir='ltr'>liberos.</span> 
     </span>
     <span class='ocr_line' id='line_1_57' title="bbox 1255 2382 1294 2428; baseline 0.026 -1"><span class='ocrx_word' id='word_1_193' title='bbox 1255 2382 1294 2428; x_wconf 92' lang='lat'>10</span> 
     </span>
     <span class='ocr_line' id='line_1_58' title="bbox 1002 2451 1442 2534; baseline 0.014 -21"><span class='ocrx_word' id='word_1_194' title='bbox 1002 2451 1142 2515; x_wconf 83' lang='lat' dir='ltr'>lamiam</span> <span class='ocrx_word' id='word_1_195' title='bbox 1160 2472 1245 2534; x_wconf 89' lang='lat' dir='ltr'>pene</span> <span class='ocrx_word' id='word_1_196' title='bbox 1261 2452 1442 2519; x_wconf 91' lang='lat' dir='ltr'>destitutus</span> 
     </span>
    </p>
   </div>
   <div class='ocr_carea' id='block_1_14' title="bbox 998 2548 1514 3113">
    <p class='ocr_par' dir='ltr' id='par_1_27' title="bbox 1000 2548 1411 2614">
     <span class='ocr_line' id='line_1_59' title="bbox 1000 2548 1411 2614; baseline 0.01 -4"><span class='ocrx_word' id='word_1_197' title='bbox 1000 2557 1034 2610; x_wconf 92' lang='lat' dir='ltr'>et</span> <span class='ocrx_word' id='word_1_198' title='bbox 1049 2549 1081 2611; x_wconf 94' lang='lat' dir='ltr'>in</span> <span class='ocrx_word' id='word_1_199' title='bbox 1100 2548 1190 2612; x_wconf 91' lang='lat' dir='ltr'>luctu</span> <span class='ocrx_word' id='word_1_200' title='bbox 1207 2550 1411 2614; x_wconf 88' lang='lat' dir='ltr'>constitutus</span> 
     </span>
    </p>

    <p class='ocr_par' dir='ltr' id='par_1_28' title="bbox 1003 2643 1457 2822">
     <span class='ocr_line' id='line_1_60' title="bbox 1003 2643 1457 2711; baseline 0.011 -5"><span class='ocrx_word' id='word_1_201' title='bbox 1003 2643 1064 2706; x_wconf 91' lang='lat' dir='ltr'>lob</span> <span class='ocrx_word' id='word_1_202' title='bbox 1080 2643 1240 2708; x_wconf 85' lang='lat' dir='ltr'>illustrem</span> <span class='ocrx_word' id='word_1_203' title='bbox 1257 2656 1308 2709; x_wconf 90' lang='lat' dir='ltr'>est</span> <span class='ocrx_word' id='word_1_204' title='bbox 1324 2657 1457 2711; x_wconf 89' lang='lat' dir='ltr'>secutus</span> 
     </span>
     <span class='ocr_line' id='line_1_61' title="bbox 1043 2741 1330 2822; baseline 0 -18"><span class='ocrx_word' id='word_1_205' title='bbox 1043 2741 1128 2804; x_wconf 91' lang='lat' dir='ltr'>duce</span> <span class='ocrx_word' id='word_1_206' title='bbox 1145 2741 1306 2822; x_wconf 90' lang='lat' dir='ltr'>patientia</span> <span class='ocrx_word' id='word_1_207' title='bbox 1322 2763 1330 2818; x_wconf 87' lang='lat'>;</span> 
     </span>
    </p>

    <p class='ocr_par' dir='ltr' id='par_1_29' title="bbox 1001 2834 1441 2917">
     <span class='ocr_line' id='line_1_62' title="bbox 1001 2834 1441 2917; baseline 0.011 -20"><span class='ocrx_word' id='word_1_208' title='bbox 1001 2834 1110 2917; x_wconf 88' lang='lat' dir='ltr'>Quem</span> <span class='ocrx_word' id='word_1_209' title='bbox 1129 2835 1271 2901; x_wconf 92' lang='lat' dir='ltr'>militum</span> <span class='ocrx_word' id='word_1_210' title='bbox 1289 2847 1441 2902; x_wconf 91' lang='lat' dir='ltr'>assuetus</span> 
     </span>
    </p>

    <p class='ocr_par' dir='ltr' id='par_1_30' title="bbox 998 2933 1435 3014">
     <span class='ocr_line' id='line_1_63' title="bbox 998 2933 1435 3014; baseline 0.011 -20"><span class='ocrx_word' id='word_1_211' title='bbox 998 2934 1199 3014; x_wconf 89' lang='lat' dir='ltr'>sequebatur</span> <span class='ocrx_word' id='word_1_212' title='bbox 1214 2933 1294 2995; x_wconf 94' lang='lat' dir='ltr'>olim</span> <span class='ocrx_word' id='word_1_213' title='bbox 1311 2944 1435 3014; x_wconf 90' lang='lat' dir='ltr'>coetus,</span> 
     </span>
    </p>

    <p class='ocr_par' dir='ltr' id='par_1_31' title="bbox 998 3029 1514 3113">
     <span class='ocr_line' id='line_1_64' title="bbox 998 3029 1514 3113; baseline 0.014 -25"><span class='ocrx_word' id='word_1_214' title='bbox 998 3046 1085 3089; x_wconf 90' lang='lat' dir='ltr'>nune</span> <span class='ocrx_word' id='word_1_215' title='bbox 1101 3029 1250 3092; x_wconf 88' lang='lat' dir='ltr'>abiectus</span> <span class='ocrx_word' id='word_1_216' title='bbox 1267 3039 1368 3111; x_wconf 91' lang='lat' dir='ltr'>atque</span> <span class='ocrx_word' id='word_1_217' title='bbox 1384 3040 1514 3113; x_wconf 91' lang='lat' dir='ltr'>spretus</span> 
     </span>
    </p>
   </div>
   <div class='ocr_carea' id='block_1_15' title="bbox 1001 3123 1522 3364">
    <p class='ocr_par' dir='ltr' id='par_1_32' title="bbox 1001 3123 1522 3364">
     <span class='ocr_line' id='line_1_65' title="bbox 1040 3123 1328 3203; baseline 0.007 -19"><span class='ocrx_word' id='word_1_218' title='bbox 1040 3123 1145 3203; x_wconf 89' lang='lat' dir='ltr'>pascit</span> <span class='ocrx_word' id='word_1_219' title='bbox 1162 3123 1328 3188; x_wconf 90' lang='lat' dir='ltr'>animalia.</span> 
     </span>
     <span class='ocr_line' id='line_1_66' title="bbox 1251 3230 1285 3275; baseline 0.029 -1"><span class='ocrx_word' id='word_1_220' title='bbox 1251 3230 1285 3275; x_wconf 92' lang='lat'>11</span> 
     </span>
     <span class='ocr_line' id='line_1_67' title="bbox 1001 3298 1522 3364; baseline 0.008 -4"><span class='ocrx_word' id='word_1_221' title='bbox 1001 3298 1111 3360; x_wconf 90' lang='lat' dir='ltr'>Huius</span> <span class='ocrx_word' id='word_1_222' title='bbox 1128 3299 1251 3363; x_wconf 89' lang='lat' dir='ltr'>Caesar</span> <span class='ocrx_word' id='word_1_223' title='bbox 1267 3299 1348 3362; x_wconf 91' lang='lat' dir='ltr'>flens</span> <span class='ocrx_word' id='word_1_224' title='bbox 1365 3310 1522 3364; x_wconf 88' lang='lat' dir='ltr'>eventum</span> 
     </span>
    </p>
   </div>
   <div class='ocr_carea' id='block_1_16' title="bbox 998 3393 1581 4034">
    <p class='ocr_par' dir='ltr' id='par_1_33' title="bbox 998 3393 1581 3478">
     <span class='ocr_line' id='line_1_68' title="bbox 998 3393 1581 3478; baseline 0.015 -25"><span class='ocrx_word' id='word_1_225' title='bbox 998 3412 1056 3474; x_wconf 90' lang='lat' dir='ltr'>per</span> <span class='ocrx_word' id='word_1_226' title='bbox 1068 3393 1155 3456; x_wconf 91' lang='lat' dir='ltr'>hunc</span> <span class='ocrx_word' id='word_1_227' title='bbox 1166 3395 1303 3458; x_wconf 91' lang='lat' dir='ltr'>tandem</span> <span class='ocrx_word' id='word_1_228' title='bbox 1317 3407 1393 3478; x_wconf 91' lang='lat' dir='ltr'>post</span> <span class='ocrx_word' id='word_1_229' title='bbox 1409 3397 1581 3462; x_wconf 90' lang='lat' dir='ltr'>inventurn</span> 
     </span>
    </p>

    <p class='ocr_par' dir='ltr' id='par_1_34' title="bbox 998 3488 1499 3666">
     <span class='ocr_line' id='line_1_69' title="bbox 998 3488 1499 3576; baseline 0.014 -27"><span class='ocrx_word' id='word_1_230' title='bbox 998 3488 1128 3576; x_wconf 85' lang='lat' dir='ltr'>hostem</span> <span class='ocrx_word' id='word_1_231' title='bbox 1145 3491 1262 3553; x_wconf 90' lang='lat' dir='ltr'>domat</span> <span class='ocrx_word' id='word_1_232' title='bbox 1279 3491 1499 3571; x_wconf 91' lang='lat' dir='ltr'>incruentum,</span> 
     </span>
     <span class='ocr_line' id='line_1_70' title="bbox 1042 3585 1421 3666; baseline 0.011 -20"><span class='ocrx_word' id='word_1_233' title='bbox 1042 3595 1143 3666; x_wconf 90' lang='lat' dir='ltr'>capto</span> <span class='ocrx_word' id='word_1_234' title='bbox 1160 3587 1249 3666; x_wconf 90' lang='lat' dir='ltr'>pacis</span> <span class='ocrx_word' id='word_1_235' title='bbox 1266 3585 1398 3650; x_wconf 85' lang='lat' dir='ltr'>foedere</span> <span class='ocrx_word' id='word_1_236' title='bbox 1414 3610 1421 3666; x_wconf 93' lang='lat'>;</span> 
     </span>
    </p>

    <p class='ocr_par' dir='ltr' id='par_1_35' title="bbox 999 3680 1390 3763">
     <span class='ocr_line' id='line_1_71' title="bbox 999 3680 1390 3763; baseline 0.01 -21"><span class='ocrx_word' id='word_1_237' title='bbox 999 3680 1127 3742; x_wconf 87' lang='lat' dir='ltr'>Videns</span> <span class='ocrx_word' id='word_1_238' title='bbox 1144 3701 1228 3763; x_wconf 91' lang='lat' dir='ltr'>opus</span> <span class='ocrx_word' id='word_1_239' title='bbox 1246 3682 1390 3746; x_wconf 89' lang='lat' dir='ltr'>Deitatis</span> 
     </span>
    </p>

    <p class='ocr_par' dir='ltr' id='par_1_36' title="bbox 999 3777 1477 3856">
     <span class='ocr_line' id='line_1_72' title="bbox 999 3777 1477 3856; baseline 0.017 -21"><span class='ocrx_word' id='word_1_240' title='bbox 999 3786 1093 3855; x_wconf 90' lang='lat' dir='ltr'>pater</span> <span class='ocrx_word' id='word_1_241' title='bbox 1108 3777 1241 3856; x_wconf 86' lang='lat' dir='ltr'>gaudet,</span> <span class='ocrx_word' id='word_1_242' title='bbox 1259 3789 1373 3854; x_wconf 92' lang='lat' dir='ltr'>matre,</span> <span class='ocrx_word' id='word_1_243' title='bbox 1390 3781 1477 3842; x_wconf 88' lang='lat' dir='ltr'>natis</span> 
     </span>
    </p>

    <p class='ocr_par' dir='ltr' id='par_1_37' title="bbox 998 3871 1459 4034">
     <span class='ocr_line' id='line_1_73' title="bbox 998 3871 1459 3951; baseline 0.02 -21"><span class='ocrx_word' id='word_1_244' title='bbox 998 3881 1074 3951; x_wconf 90' lang='lat' dir='ltr'>post</span> <span class='ocrx_word' id='word_1_245' title='bbox 1091 3871 1172 3933; x_wconf 90' lang='lat' dir='ltr'>haec</span> <span class='ocrx_word' id='word_1_246' title='bbox 1189 3872 1250 3934; x_wconf 92' lang='lat' dir='ltr'>sibi</span> <span class='ocrx_word' id='word_1_247' title='bbox 1268 3876 1459 3939; x_wconf 90' lang='lat' dir='ltr'>restauratis</span> 
     </span>
     <span class='ocr_line' id='line_1_74' title="bbox 1043 3965 1379 4034; baseline 0.027 -9"><span class='ocrx_word' id='word_1_248' title='bbox 1043 3965 1217 4028; x_wconf 86' lang='lat' dir='ltr'>Trinitatis</span> <span class='ocrx_word' id='word_1_249' title='bbox 1235 3987 1379 4034; x_wconf 91' lang='lat' dir='ltr'>munere.</span> 
     </span>
    </p>
   </div>
   <div class='ocr_carea' id='block_1_17' title="bbox 1001 4073 1454 4226">
    <p class='ocr_par' dir='ltr' id='par_1_38' title="bbox 1001 4073 1454 4226">
     <span class='ocr_line' id='line_1_75' title="bbox 1001 4073 1454 4226; baseline 0.02 -24"><span class='ocrx_word' id='word_1_250' title='bbox 1001 4138 1056 4202; x_wconf 88' lang='lat' dir='ltr'>Sic</span> <span class='ocrx_word' id='word_1_251' title='bbox 1072 4141 1193 4223; x_wconf 91' lang='lat' dir='ltr'>recepti</span> <span class='ocrx_word' id='word_1_252' title='bbox 1211 4073 1454 4226; x_wconf 73' lang='lat' dir='ltr'>trilrinphantes</span> 
     </span>
    </p>
   </div>
   <div class='ocr_carea' id='block_1_18' title="bbox 998 4235 1522 5087">
    <p class='ocr_par' dir='ltr' id='par_1_39' title="bbox 998 4235 1522 5087">
     <span class='ocr_line' id='line_1_76' title="bbox 999 4235 1437 4319; baseline 0.018 -22"><span class='ocrx_word' id='word_1_253' title='bbox 999 4255 1038 4298; x_wconf 90' lang='lat' dir='ltr'>ac</span> <span class='ocrx_word' id='word_1_254' title='bbox 1054 4235 1226 4317; x_wconf 90' lang='lat' dir='ltr'>prophana</span> <span class='ocrx_word' id='word_1_255' title='bbox 1242 4239 1437 4319; x_wconf 70' lang='lat' dir='ltr'>devitantes</span> 
     </span>
     <span class='ocr_line' id='line_1_77' title="bbox 999 4329 1434 4415; baseline 0.021 -23"><span class='ocrx_word' id='word_1_256' title='bbox 999 4329 1063 4393; x_wconf 87' lang='lat' dir='ltr'>fide</span> <span class='ocrx_word' id='word_1_257' title='bbox 1081 4341 1220 4394; x_wconf 91' lang='lat' dir='ltr'>mortem</span> <span class='ocrx_word' id='word_1_258' title='bbox 1238 4345 1434 4415; x_wconf 90' lang='lat' dir='ltr'>superantes</span> 
     </span>
     <span class='ocr_line' id='line_1_78' title="bbox 999 4425 1445 4510; baseline 0.013 -22"><span class='ocrx_word' id='word_1_259' title='bbox 999 4425 1074 4488; x_wconf 90' lang='lat' dir='ltr'>seris</span> <span class='ocrx_word' id='word_1_260' title='bbox 1090 4428 1212 4490; x_wconf 89' lang='lat' dir='ltr'>dantur</span> <span class='ocrx_word' id='word_1_261' title='bbox 1228 4441 1445 4510; x_wconf 90' lang='lat' dir='ltr'>properantes</span> 
     </span>
     <span class='ocr_line' id='line_1_79' title="bbox 1042 4523 1388 4605; baseline 0.014 -20"><span class='ocrx_word' id='word_1_262' title='bbox 1042 4523 1136 4586; x_wconf 93' lang='lat' dir='ltr'>bovis</span> <span class='ocrx_word' id='word_1_263' title='bbox 1153 4526 1193 4587; x_wconf 91' lang='lat' dir='ltr'>ad</span> <span class='ocrx_word' id='word_1_264' title='bbox 1212 4525 1364 4589; x_wconf 88' lang='lat' dir='ltr'>incendia</span> <span class='ocrx_word' id='word_1_265' title='bbox 1382 4550 1388 4605; x_wconf 92' lang='grc'><strong>;</strong></span> 
     </span>
     <span class='ocr_line' id='line_1_80' title="bbox 1001 4619 1505 4702; baseline 0.014 -21"><span class='ocrx_word' id='word_1_266' title='bbox 1001 4619 1151 4701; x_wconf 84' lang='lat' dir='ltr'>Quorum</span> <span class='ocrx_word' id='word_1_267' title='bbox 1168 4641 1264 4702; x_wconf 89' lang='lat' dir='ltr'>prece</span> <span class='ocrx_word' id='word_1_268' title='bbox 1282 4625 1397 4687; x_wconf 91' lang='lat' dir='ltr'>mundi</span> <span class='ocrx_word' id='word_1_269' title='bbox 1414 4647 1505 4690; x_wconf 87' lang='lat' dir='ltr'>mare</span> 
     </span>
     <span class='ocr_line' id='line_1_81' title="bbox 998 4715 1399 4798; baseline 0.017 -21"><span class='ocrx_word' id='word_1_270' title='bbox 998 4715 1169 4778; x_wconf 88' lang='lat' dir='ltr'>valeamus</span> <span class='ocrx_word' id='word_1_271' title='bbox 1185 4726 1399 4798; x_wconf 89' lang='lat' dir='ltr'>transmeare,</span> 
     </span>
     <span class='ocr_line' id='line_1_82' title="bbox 1001 4811 1479 4898; baseline 0.015 -24"><span class='ocrx_word' id='word_1_272' title='bbox 1001 4811 1128 4874; x_wconf 91' lang='lat' dir='ltr'>caelum</span> <span class='ocrx_word' id='word_1_273' title='bbox 1146 4835 1280 4896; x_wconf 88' lang='lat' dir='ltr'>quoque</span> <span class='ocrx_word' id='word_1_274' title='bbox 1296 4829 1479 4898; x_wconf 89' lang='lat' dir='ltr'>penetrare,</span> 
     </span>
     <span class='ocr_line' id='line_1_83' title="bbox 1001 4907 1522 4995; baseline 0.015 -25"><span class='ocrx_word' id='word_1_275' title='bbox 1001 4929 1061 4972; x_wconf 90' lang='lat' dir='ltr'>nec</span> <span class='ocrx_word' id='word_1_276' title='bbox 1078 4907 1143 4971; x_wconf 88' lang='lat' dir='ltr'>non</span> <span class='ocrx_word' id='word_1_277' title='bbox 1162 4909 1294 4974; x_wconf 92' lang='lat' dir='ltr'>Christo</span> <span class='ocrx_word' id='word_1_278' title='bbox 1310 4933 1522 4995; x_wconf 83' lang='lat' dir='ltr'>conregnare,</span> 
     </span>
     <span class='ocr_line' id='line_1_84' title="bbox 1044 5005 1334 5087; baseline 0.01 -19"><span class='ocrx_word' id='word_1_279' title='bbox 1044 5005 1155 5069; x_wconf 87' lang='lat' dir='ltr'>felices</span> <span class='ocrx_word' id='word_1_280' title='bbox 1171 5007 1204 5068; x_wconf 94' lang='lat' dir='ltr'>in</span> <span class='ocrx_word' id='word_1_281' title='bbox 1221 5005 1334 5087; x_wconf 87' lang='lat' dir='ltr'>gloria.</span> 
     </span>
    </p>
   </div>
   <div class='ocr_carea' id='block_1_19' title="bbox 0 0 2056 5792">
    <p class='ocr_par' dir='ltr' id='par_1_40' title="bbox 0 0 2056 5792">
     <span class='ocr_line' id='line_1_85' title="bbox 0 0 2056 5792; baseline 0 1"><span class='ocrx_word' id='word_1_282' title='bbox 0 0 2056 5792; x_wconf 95' lang='lat' dir='ltr'> </span> 
     </span>
    </p>
   </div>
  </div>
 </body>
</html>
