4102 5792
483 515 626 565 PROSAE
653 511 856 565 ECCLESIAE
884 516 1101 567 acontium
1129 517 1439 571 COMPENDIENSIS
1517 501 1586 590 481

511 788 543 854 O
559 787 666 852 fidelis

511 884 684 960 advocata,

510 981 574 1042 iam
594 980 744 1044 incaelis

509 1085 678 1154 coronata,

511 1173 621 1238 Tuum
640 1171 769 1254 Regem

509 1279 542 1332 et
559 1269 647 1332 hunc
664 1289 800 1351 gregem

424 1365 466 1428 ad
483 1384 599 1446 pacem
617 1365 766 1442 concilia,

1143 695 1191 761 Ut
1208 697 1285 760 Rex
1303 717 1428 780 regum,

1142 812 1310 858 summum
1327 793 1463 873 bonum,

1055 897 1133 950 ante
1149 888 1242 951 cuius
1259 888 1391 972 [cubas]
1407 899 1517 955 torum

1142 993 1178 1049 ut
1194 995 1228 1048 te
1245 985 1376 1064 Secum,

1140 1081 1186 1143 sic
1204 1100 1265 1143 nos
1281 1090 1392 1145 tecum

1056 1177 1159 1241 ducat
1177 1180 1218 1243 ad
1236 1177 1401 1244 caelestia.

1054 1369 1166 1432 Amen
1184 1293 1299 1435 dican9t
1314 1371 1437 1438 omnia.

374 1519 566 1569 Manuscrlt.
601 1513 715 1567 Parus:
754 1512 825 1567 Bibl.
850 1513 925 1582 Nat,
951 1513 1046 1584 16823,
1079 1517 1179 1572 Missel
1209 1516 1244 1572 de
1275 1517 1518 1590 Saint-Comeille,
1541 1519 1601 1575 xiii⁰

339 1595 432 1662 siecle,
448 1595 480 1650 0.

373 1713 426 1766 6h
456 1719 532 1765 serto
545 1709 624 1780 regia
639 1711 670 1764 0.
704 1715 726 1763 k
758 1709 869 1781 perdita
885 1712 915 1766 O.

375 1796 418 1856 71
448 1799 544 1844 secuta
560 1791 591 1844 O.

375 1870 428 1923 811
459 1869 538 1924 cuius
552 1869 657 1923 caritas
669 1877 762 1924 torum
775 1869 807 1922 0.
836 1870 1125 1938 Commentcorriger
1142 1881 1216 1924 cette
1232 1870 1399 1925 distraction
1417 1870 1602 1942 ducopistei

570 2127 650 2195 344.
684 2103 758 2175 DE
789 2102 1014 2177 SANCTO
1045 2102 1374 2176 CLEMENTE.

646 2306 657 2350 1

426 2393 536 2456 Adest
552 2393 624 2456 dies
640 2393 778 2457 celebris

427 2509 492 2570 qua
508 2488 600 2552 fulsit
617 2489 650 2552 in
667 2488 812 2552 tenebris

429 2586 551 2648 Divina
567 2585 766 2664 clementia;

428 2681 499 2744 Iam
516 2681 657 2766 detectis
673 2681 808 2746 latebris

426 2787 459 2839 et
475 2778 592 2841 erectis
609 2777 786 2862 palpebris,

426 2871 522 2954 pulsa
538 2871 772 2952 somnolentia,

643 3003 661 3046 2

424 3089 553 3154 Chorus
568 3088 622 3152 hic
638 3089 671 3152 in
689 3088 821 3169 gaudi0,

424 3187 507 3249 miro
522 3206 598 3250 cum
615 3185 772 3268 tripudio,

466 3283 589 3347 recolat
605 3281 770 3365 supplicia

423 3376 519 3460 Quae
535 3386 613 3443 sunt
629 3387 705 3441 acta
720 3376 820 3440 devio

423 3475 481 3537 sed
500 3474 673 3540 Clemente
689 3472 824 3555 praevio

467 3569 549 3634 fiunt
565 3571 654 3634 iusto
671 3569 773 3634 mitia.

644 3708 660 3772 3

426 3805 538 3888 Stirpe
554 3803 709 3870 Clemens
727 3801 845 3868 nobilis

425 3901 553 3966 cunctis
569 3909 620 3964 est
635 3899 797 3974 amabilis,

468 3995 599 4080 fulgens
616 3995 739 4062 Christi
752 3994 860 4077 gratia
872 4015 880 4072 ;

427 4092 545 4156 Dulcis
560 4101 594 4157 et
609 4089 761 4168 affabilis,

428 4187 541 4252 multis
554 4185 769 4270 acceptabilis

469 4281 506 4349 fit
522 4284 592 4348 eius
608 4281 804 4366 praesentia.

642 4412 665 4473 4

425 4503 536 4587 Quem
553 4500 664 4565 zelans
681 4498 847 4565 Sisinnius

425 4607 458 4662 et
475 4617 616 4662 uxorem
633 4595 757 4660 anxius

425 4712 588 4776 quaerens
605 4693 637 4754 in
655 4690 795 4754 ecclesia

426 4797 600 4873 torquetur
615 4787 754 4862 insania,

429 4887 556 4952 Surdus
573 4935 581 4963 ,
596 4901 723 4960 caecus,
739 4880 861 4944 inscius

429 4981 547 5048 aedem
564 4979 650 5064 girat
666 4978 758 5040 ocius

1053 2293 1164 2356 furens
1181 2295 1213 2356 in
1231 2293 1379 2356 amentia
1409 2315 1412 2322 ⁴

1055 2409 1142 2472 quae
1158 2399 1267 2453 vastat
1283 2389 1486 2471 praecordia.

1278 2515 1292 2581 5

1147 2597 1246 2661 Uxor
1265 2597 1383 2678 plorat,

1145 2691 1302 2756 Clemens
1317 2705 1400 2770 orat,

1145 2781 1194 2842 vir
1210 2779 1368 2861 profanus

1143 2885 1176 2938 et
1193 2875 1329 2939 insanus

1054 2980 1180 3036 tractus
1197 2971 1240 3033 ab
1256 2971 1404 3049 ecclesia,

1143 3067 1234 3130 Dum
1251 3066 1403 3149 pallescit
1464 3095 1465 3098 ¹

1141 3174 1174 3228 et
1190 3163 1340 3242 tabescit,

1141 3281 1226 3323 saxa
1241 3259 1346 3324 volvit

1141 3367 1175 3418 et
1191 3355 1331 3418 revolvit

1055 3470 1224 3514 servorum
1242 3449 1393 3515 stultitia.

1014 3642 1170 3707 Clemens
1187 3642 1300 3705 adstat
1316 3649 1349 3704 et
1364 3651 1526 3724 precatur,

1012 3736 1154 3801 infidelis
1172 3736 1373 3818 indignatur,

1055 3825 1180 3888 luditur
1195 3824 1342 3900 saevitia,

1015 3922 1116 3984 Error
1131 3920 1229 3994 cedit,
1247 3917 1329 3982 fides
1345 3919 1452 3995 datur,

1012 4016 1203 4099 baptizatus
1220 4015 1422 4078 emundatur

1057 4111 1100 4174 ab
1115 4109 1207 4173 omni
1225 4109 1392 4192 spurcitia.

1015 4311 1112 4376 Plebs
1129 4311 1162 4374 in
1179 4309 1272 4376 litem
1288 4311 1465 4386 excitatur,

1012 4419 1100 4482 papa
1117 4397 1272 4464 Clemens
1289 4397 1472 4474 exsulatur,

1014 4497 1094 4559 dum
1112 4505 1271 4579 parantur
1288 4496 1421 4578 navigia

1012 4590 1049 4654 fit
1066 4589 1174 4654 luctus
1191 4591 1223 4652 in
1243 4590 1414 4670 Ecclesia;

1014 4685 1169 4769 Relegati
1185 4687 1397 4770 gratulantur

1015 4783 1105 4865 quod
1122 4803 1141 4844 a
1158 4792 1252 4864 patre
1268 4783 1446 4848 visitantur

1013 4877 1206 4943 sublevatur
1222 4880 1335 4961 inopia

1016 4973 1118 5038 sontis
1134 4975 1266 5056 adeptis
1282 4977 1385 5058 copia.
