4096 5794
609 560 751 612 PROSAE
778 561 982 614 ECCLESIA'E
1008 557 1261 612 LEXOVIENSIS
1488 559 1559 632 543

340 755 350 794 1
366 745 388 794 h
420 739 478 794 iam
493 753 679 807 personemus
694 738 965 807 San‘sburien.r498.

337 835 352 874 2
367 825 388 874 b
418 817 536 890 quivult
550 834 602 870 nos
613 818 688 883 hunc
699 819 848 873 lexovien.
862 817 1138 885 Sorisiurien.1498,
1148 816 1174 868 T
1172 817 1301 869 roieclen.
1308 815 1361 886 ‚fait
1370 833 1406 870 un
1415 833 1479 872 vers
1487 817 1560 873 sauro

302 905 323 955 h
336 909 364 954 et
377 907 468 953 osont
479 896 636 966 remplaces
644 914 696 966 par
705 914 789 968 quem
798 909 825 954 et
837 899 967 953 Christus
976 915 1051 952 nunc
1060 894 1277 966 promovitdans
1289 896 1478 951 Sarrsbit'rien.
1486 913 1495 950 1
1501 912 1514 968 5
1519 911 1532 968 5
1538 911 1560 968 5.

337 995 384 1046 40
414 976 462 1049 qui
476 976 565 1032 tenuit
578 976 729 1033 Lexovien.
742 979 1012 1047 Sarrtburienn498.
1044 994 1061 1030 e
1093 976 1150 1030 iam
1169 991 1292 1044 manque
1311 973 1387 1030 'dan's
1409 977 1560 1033 Lexovien.

301 1061 316 1112 f
345 1055 442 1126 genuit
455 1055 605 1108 lexovien.
1314 1063 1316 1068 '
1395 1063 1398 1070 ’

339 1149 353 1208 5
367 1142 389 1191 b
401 1146 510 1207 apeste
522 1135 729 1190 Sarisourien.1
736 1147 748 1204 5
754 1148 766 1204 5
772 1147 794 1204 5.
874 1158 877 1164 ’

337 1229 385 1282 70
415 1215 444 1269 in
457 1213 549 1285 patria
573 1212 600 1266 T
597 1214 724 1268 raticien.
756 1215 795 1270 Le
816 1223 893 1268 texte
915 1215 966 1269 des
988 1213 1103 1268 Missels
1121 1213 1157 1267 de
1179 1211 1325 1282 Salisbury
1344 1223 1372 1267 et
1392 1213 1428 1268 de
1449 1214 1562 1270 Lisieux

303 1295 417 1366 indique
430 1293 496 1348 bien
507 1311 562 1364 que
575 1310 608 1348 ce
620 1309 753 1347 morceau
767 1311 785 1347 a
797 1293 841 1348 ete
862 1295 997 1364 compose
1018 1310 1089 1364 pour
1111 1293 1152 1346 les
1174 1309 1244 1361 pays
1266 1292 1386 1361 Angiais
1407 1303 1435 1348 et
1455 1295 1560 1364 Arrgio·

303 1369 475 1430 Normands.
508 1380 529 1429 d
561 1374 605 1426 Ex
618 1371 681 1443 quis
694 1373 844 1428 Lexovien.
1469 1371 1471 1377 ’

338 1457 390 1510 8b
419 1465 533 1508 nostrae
542 1452 644 1522 gentis,
655 1469 719 1506 sero
732 1470 816 1508 mane
840 1453 866 1507 Τ
863 1457 991 1507 raiecten.
1022 1452 1063 1506 lci
1077 1469 1180 1506 encore
1204 1469 1275 1506 nous
1297 1469 1422 1509 sommes
1439 1471 1474 1508 en
1498 1455 1561 1510 iace

303 1535 385 1591 d'une
398 1534 562 1606 adaptation
576 1534 639 1604 plus
653 1550 690 1587 ou
703 1533 795 1588 moins
814 1533 924 1589 adroite
938 1534 1071 1602 aPusage
1084 1533 1121 1587 du
1142 1532 1256 1608 diocese
1269 1535 1427 1611 d’Utrecht.
1460 1541 1481 1589 d
1513 1537 1560 1591 de-

303 1613 856 1685 precareSarisburien.1498‚Traiecten.
877 1631 894 1668 e
912 1629 1046 1668 revocare
1055 1613 1082 1665 Τ
1080 1613 1209 1667 raiecten.
1228 1614 1561 1684 elongareSan'sbun'en.

306 1707 380 1765 ¹555·

594 1949 679 2019 390.
710 1926 786 2000 DE
818 1924 1042 2000 snncro
1075 1925 1281 1999 nocuo
1387 1895 1388 1898 ‘
1458 1993 1461 2000 ,

611 2162 622 2206 1
855 2178 864 2189 ·
1239 2160 1255 2225 5

349 2261 387 2324 in
405 2263 531 2326 honore
548 2262 704 2326 salutaris
978 2265 1089 2328 Iesum
1107 2264 1279 2329 Christum
1297 2265 1407 2329 Deum
1429 2267 1563 2346 clamat,

348 2356 463 2422 Sancti
481 2358 588 2422 Rochi
605 2358 805 2423 confessoris
975 2361 1073 2442 signo
1089 2362 1194 2423 crucis
1211 2369 1350 2424 cunctos
1366 2373 1464 2426 sanat

390 2463 510 2536 agatur
525 2456 697 2534 memoria,
1020 2477 1081 2519 sua
1096 2457 1308 2538 providentia
1323 2478 1331 2535 ;

349 2547 415 2632 Qui
431 2549 473 2612 de
489 2549 582 2612 caelo
598 2560 817 2633 praenotatur
976 2552 1032 2617 Ad
1050 2572 1150 2634 quem
1168 2553 1259 2616 venit
1277 2553 1460 2618 virbeatus

348 2656 381 2711 et
397 2648 438 2711 ad
457 2657 598 2711 matrem
616 2649 793 2712 nunciatur
976 2669 1111 2732 prorsus
1127 2650 1190 2713 suit
1206 2649 1260 2713 hic
1276 2659 1414 2714 sanatus

392 2743 501 2808 salute
518 2743 676 2827 angelica.
1021 2745 1134 2809 divina
1151 2745 1312 2828 potentia.

610 2897 629 2944 2
1239 2882 1260 2944 6

351 3018 416 3102 Qui
433 3019 475 3080 de
490 3027 606 3082 ventre
623 3019 738 3082 matris
754 3029 854 3083 natus
871 3035 872 3040 ’
971 3017 1141 3096 ¹Civitates
1159 3018 1278 3081 Italiae

350 3116 447 3196 signo
463 3114 569 3177 crucis
585 3123 635 3179 est
651 3115 802 3198 signatus
980 3113 1110 3200 Romae
1126 3113 1188 3196 [et]
1208 3113 1466 3196 Longobardiae

393 3211 482 3292 quod
500 3209 634 3273 sinistro
650 3212 767 3292 patuit,
1022 3219 1119 3272 sanat
1135 3210 1202 3272 suis
1220 3210 1382 3292 precibus,

351 3305 479 3389 Quarta
496 3315 660 3389 sextaque
677 3305 757 3369 seria
982 3305 1153 3387 Hospitali
1172 3301 1361 3370 Placentiae

351 3400 453 3465 semel
470 3401 607 3478 lactans,
624 3401 746 3465 indicia
979 3421 1155 3483 percussus
1172 3403 1284 3484 pestis,
1300 3402 1391 3466 silice
1490 3381 1492 3387 Ι
1524 3381 1525 3384 ¹

394 3496 581 3560 sanctitatis
598 3496 759 3578 praebuit.
1023 3497 1173 3566 abiectus
1189 3508 1222 3562 et
1240 3499 1423 3562 moenibus.

615 3643 632 3706 3
1243 3641 1262 3708 7

355 3753 415 3818 Uti
433 3754 560 3817 mundo
575 3753 632 3837 qui
649 3773 724 3817 cum
743 3763 856 3836 posset
985 3753 1166 3842 Languens
1182 3757 1263 3817 dum
1281 3755 1313 3818 in
1331 3757 1414 3820 silva
1430 3757 1510 3835 sitit,

356 3859 389 3912 et
406 3850 613 3912 mundanum
630 3849 742 3913 fucum
761 3859 874 3912 nosset
985 3848 1111 3912 sontem
1131 3850 1224 3913 Deus
1240 3851 1301 3914 sibi
1319 3853 1423 3916 mittit

401 3946 545 4009 mundus
562 3947 724 4008 mundum
742 3945 860 4023 renuit,
1027 3955 1243 4027 praeostensa
1260 3947 1391 4024 nebula,
1456 3989 1458 3993 -

358 4041 460 4105 Omni
477 4051 589 4123 spreta
606 4061 640 4104 re
655 4050 795 4124 paterna
987 4039 1111 4103 Parvus
1127 4041 1219 4103 canis
1235 4060 1340 4123 panes
1356 4052 1477 4125 portat,
1537 4037 1540 4041 ’

358 4146 470 4200 mente
486 4137 628 4200 tendens
645 4137 677 4200 in
694 4155 838 4219 superna
984 4155 1004 4199 a
1021 4134 1173 4200 Gotardo
1189 4147 1223 4200 et
1239 4148 1386 4220 reportat

400 4232 514 4296 omnia
530 4233 685 4298 deseruit.
1029 4253 1112 4296 cane
1127 4233 1198 4296 viro
1214 4235 1337 4317 regula.

616 4389 638 4451 4
1247 4377 1266 4438 8

358 4502 411 4566 Ac
427 4513 504 4586 post
521 4513 663 4570 mortem
681 4506 730 4569 sui
747 4507 852 4589 patris
988 4505 1045 4570 Sic
1060 4506 1111 4568 vir
1126 4517 1261 4571 sanctus
1277 4508 1485 4572 confortatur

358 4607 390 4663 et
406 4599 579 4663 decessum
596 4621 677 4665 suae
693 4603 810 4666 matris
985 4603 1065 4664 dum
1083 4601 1235 4667 Gotardo
1252 4604 1443 4669 consolatur

401 4719 538 4782 peregre
554 4701 738 4780 divertitur,
1033 4702 1065 4762 in
1083 4701 1169 4764 valle
1187 4704 1349 4781 miseriae,

361 4793 405 4857 Et
421 4796 463 4858 ad
478 4797 600 4860 domos
617 4796 823 4860 infirmorum
988 4797 1033 4860 Et
1049 4817 1108 4879 per
1123 4799 1281 4880 angelum
1300 4809 1437 4864 sanatur

359 4901 452 4972 peste
468 4893 540 4955 dira
556 4913 789 4976 perpessorum
988 4894 1044 4976 qui
1060 4913 1080 4956 a
1097 4893 1173 4956 Deo
1189 4895 1394 4974 mittebatur,
1487 4955 1491 4962 .

404 4987 524 5076 festine
539 4989 731 5072 ingreditur.
1032 4988 1186 5071 Raphael
1203 4991 1236 5056 in
1254 4991 1400 5058 nomine.
