4102 5792
483 463 556 554 458
790 481 932 534 erosas
966 478 1170 532 accessum
1196 480 1437 534 naooueusrs

637 691 719 779 326.
752 685 827 760 DE
857 685 975 761 VNO
1006 684 1277 760 EPlSCOPO
1308 683 1597 760 MARTYRE.

572 1029 661 1092 Laus
678 1031 753 1093 Deo
769 1051 827 1112 per
842 1031 955 1094 omnia

569 1126 625 1207 qui
643 1125 756 1206 sugere
772 1126 852 1190 vitia

613 1221 706 1284 dedit
722 1232 838 1286 sancto
854 1221 922 1296 tali,

573 1316 616 1379 Et
632 1327 683 1381 tot
700 1319 863 1381 mirabilia

571 1421 659 1476 sorte
676 1433 734 1493 per
749 1413 892 1478 confinia

614 1507 691 1571 lecit
707 1528 773 1572 non
791 1509 930 1593 aequali.

788 1655 806 1701 2

570 1766 766 1848 Tyrannum
783 1769 960 1849 superavit,

570 1864 707 1926 sudores
724 1865 874 1927 irroravit

615 1967 783 2039 guttarum
801 1961 980 2042 sanguinis,

572 2053 697 2117 Ensem
714 2073 780 2117 non
797 2056 984 2138 trepidavit,

570 2169 590 2212 a
607 2147 672 2212 fide
688 2169 748 2212 nec
765 2151 885 2214 erravit

614 2245 685 2309 vice
700 2246 902 2312 certaminis·

790 2394 807 2458 3

572 2517 692 2581 Parato
708 2517 841 2601 eloquio

572 2613 697 2694 gratias
712 2615 781 2696 egit
798 2615 873 2679 Deo

613 2709 873 2791 contemplando
889 2711 1017 2775 caelum
1035 2732 1041 2787 ;

571 2804 698 2867 Audax
715 2805 777 2870 luit
793 2815 830 2870 ut
846 2805 906 2884 le0,

570 2910 812 2964 tormentorum
830 2902 929 2966 abeo

614 3017 680 3059 non
695 2999 805 3061 timuit
823 2997 981 3079 praelum.

520 3193 534 3230 2
549 3183 569 3232 d
602 3195 658 3233 non
672 3179 811 3234 dubitavit
827 3181 964 3235 Redonen.

520 3263 564 3325 3l
594 3259 730 3328 praelium
747 3261 883 3314 Redonen.

1417 911 1439 970 4

1201 1030 1341 1112 Propter
1356 1027 1460 1092 fustes
1477 1027 1598 1091 ferreos

1200 1125 1294 1189 lateri
1311 1124 1421 1206 plures
1437 1124 1518 1187 deos

1243 1230 1395 1284 constare
1412 1219 1557 1294 nolebat,

1201 1316 1267 1381 Sed
1285 1315 1444 1379 satellites
1461 1333 1534 1378 reos

1202 1411 1431 1494 deprimend0,
1446 1410 1493 1474 sic
1509 1429 1566 1474 eos

1245 1507 1358 1571 fallere
1374 1507 1515 1571 dicebat.

1419 1649 1434 1716 5

1202 1768 1309 1831 Amor
1326 1767 1441 1832 Sancti
1460 1766 1604 1849 Spiritus

1201 1863 1350 1926 illaesum
1368 1863 1527 1926 divinitus

1244 1958 1321 2022 fecit
1337 1959 1498 2036 evadere;

1202 2051 1342 2135 Semper
1358 2053 1444 2117 vixit
1460 2051 1599 2116 caelitus

1202 2169 1262 2212 nec
1278 2149 1397 2232 aliquis
1414 2148 1564 2212 funditus

1247 2245 1357 2326 potuit
1373 2245 1511 2308 laedere.

1418 2376 1439 2439 6

1201 2517 1330 2584 Omnes
1346 2539 1412 2583 una
1428 2517 1601 2581 laudemus

1201 2613 1312 2678 Deum
1329 2615 1380 2677 cui
1398 2624 1570 2678 cantemus

1244 2729 1302 2792 per
1317 2729 1415 2774 voces
1431 2709 1538 2772 varias
1554 2729 1561 2771 :

1202 2807 1325 2870 Venite
1342 2805 1559 2880 exsultemus,

1202 2903 1351 2965 Domino
1368 2901 1544 2964 iubilemus

1244 3007 1276 3061 et
1297 2997 1370 3059 Deo
1385 2997 1518 3078 gratias.

519 3339 536 3392 6
556 3341 637 3394 Cette
651 3342 765 3409 strophe
779 3341 886 3395 semble
897 3341 1026 3411 indiquer
1038 3358 1093 3412 que
1106 3351 1179 3396 cette
1190 3341 1270 3412 piece
1283 3341 1352 3396 etait
1366 3339 1588 3411 primitivement
1602 3356 1639 3394 un
1650 3341 1745 3410 Trope

485 3421 520 3474 de
536 3421 668 3476 Matines.
698 3423 761 3475 Elle
774 3421 900 3476 contient
914 3437 949 3474 en
959 3421 1024 3475 effet
1038 3421 1078 3476 les
1092 3422 1229 3492 premiere
1243 3431 1318 3476 mots
1331 3421 1367 3476 de
1380 3420 1575 3476 l’lnvitatoire.

639 3707 722 3782 327.
756 3689 830 3762 DE
861 3689 978 3764 VNO
1007 3688 1279 3765 EPlSCOPO
1311 3687 1598 3763 MARTYRE.

794 3947 805 3992 1

532 4066 651 4148 Fulget
667 4067 738 4130 dies
754 4067 953 4131 celebranda

574 4161 694 4225 celebri
711 4162 847 4240 laetitia,

532 4258 698 4340 insignita
714 4258 902 4322 veneranda

575 4363 756 4435 martyrum
775 4353 943 4416 memoria.

791 4507 809 4553 2

531 4630 570 4693 ln
587 4650 653 4713 qua
671 4630 780 4692 Mater
796 4629 998 4693 laetabunda

572 4726 720 4789 exsultat
738 4725 896 4801 Ecclesia,

531 4821 689 4884 Filiorum
707 4841 791 4904 quae
809 4821 949 4884 secunda

573 4917 654 4979 caeli
671 4918 795 4998 gaudet
811 4917 909 4982 curia.

1422 3947 1439 4010 3

1164 4067 1201 4130 ln
1219 4087 1285 4148 qua
1303 4067 1447 4130 mundus
1464 4063 1688 4148 triumphatur

1205 4172 1238 4226 et
1254 4163 1361 4226 carnis
1378 4162 1520 4238 lascivia,

1162 4257 1277 4340 Atque
1293 4257 1399 4320 hostis
1415 4257 1601 4321 debellatur

1203 4353 1331 4436 antiqui
1349 4355 1508 4435 potentia.

1419 4509 1441 4570 4

1160 4629 1270 4711 Quam
1289 4629 1441 4693 miranda
1457 4639 1507 4693 est
1523 4639 1715 4692 sanctorum

1202 4727 1233 4787 in
1251 4725 1385 4790 Christo
1400 4724 1599 4800 constantia,

1162 4821 1257 4898 Caro,
1274 4821 1418 4884 mundus
1435 4819 1540 4883 hostis
1557 4839 1697 4900 quorum

1204 4937 1358 4999 morsque
1375 4927 1424 4979 est
1440 4916 1586 4980 victoria.
