4116 5784
598 549 741 600 PROSAE
768 549 972 600 ECCLESIAE
999 549 1310 600 BVRDEGALENSIS
1508 551 1579 621 393

321 727 451 782 tartareis
464 727 710 780 Brcv.Br'cferren.
743 725 872 782 tartareis
897 726 1027 782 claustris
1047 725 1241 780 Brev.EInen.
1274 736 1384 782 retrusa
1393 726 1428 780 B.
1444 727 1505 781 OE.
1534 727 1581 782 de-

320 815 415 861 trusae
429 807 512 860 lima
523 807 624 860 Elncn.

358 887 374 940 8
393 885 520 940 omniurn
535 886 676 940 Dominus
690 885 723 939 B.

358 980 376 1034 9
396 967 472 1020 Dum
485 965 730 1020 Brcvfficterren.
740 963 934 1019 BreuElnen.
966 965 1134 1034 trophaeum
1149 964 1181 1034 Q.

346 1059 376 1097 ro
395 1045 451 1113 Qui
464 1061 495 1100 es
508 1045 546 1099 D.
578 1045 650 1113 Quis
663 1053 706 1099 est
722 1043 784 1098 OE.
798 1043 988 1115 Burdegafen.
1021 1044 1097 1113 Quid
1118 1053 1146 1099 et
1163 1045 1197 1097 B.
1226 1043 1280 1114 Qui
1294 1053 1322 1098 et
1333 1045 1381 1098 Αἱ
1414 1044 1486 1115 Quis
1499 1045 1535 1100 de
1549 1045 1582 1113 (l)

324 1124 362 1178 K.
392 1123 444 1178 Cui
467 1134 494 1179 et
514 1123 761 1178 BreuBictcrren.
782 1123 893 1179 ululans
909 1124 941 1194 Q.
961 1123 1059 1178 lucifer
1073 1123 1105 1192 Q.
1119 1123 1181 1178 OE.
1213 1123 1296 1178 solvit
1319 1124 1380 1180 OE.
1395 1123 1582 1195 Burdegalen.

324 1203 415 1256 solvat
433 1203 480 1256 Αἱ
493 1201 526 1272 Q.
539 1203 626 1255 Brea.
637 1203 787 1256 Oicterren.

346 1295 373 1333 ιι
397 1282 419 1334 F
422 1281 513 1350 ugatis
526 1281 651 1335 tenebris
664 1281 695 1351 Q.
712 1282 773 1337 OE.
789 1283 1033 1337 Breah'r'cfemn.
1049 1283 1243 1338 arenatius.
1276 1282 1395 1350 fulgerat
1417 1283 1456 1335 D.
1468 1283 1506 1335 K.
1532 1280 1581 1335 ful·

325 1369 399 1414 serat
414 1361 474 1415 OE.
507 1360 624 1416 fulcerat
638 1361 831 1415 BrevElnen.
863 1362 972 1430 fugerat
994 1363 1181 1432 Burdegalen.
1213 1362 1322 1431 fulgora
1348 1361 1380 1430 Q.
1410 1361 1538 1429 fugerant
1556 1370 1584 1414 te

324 1439 457 1494 australis
469 1440 711 1494 Brev.Br'cterren.
744 1441 858 1496 rutilant
876 1442 1070 1495 BreuElnen.
1100 1441 1194 1495 rutilat
1227 1441 1472 1495 Brev.Bicterren.
1504 1439 1583 1494 lumi·

325 1539 362 1578 na
376 1523 409 1593 Q.
441 1522 611 1592 perlustrato
627 1523 688 1576 OE.
702 1523 947 1578 BreaBictcmn.

345 1617 375 1656 12
396 1604 457 1658 Rex
471 1619 569 1672 regum
583 1603 772 1673 Burdegalen.

345 1695 376 1750 ¹3
395 1691 475 1737 vates
488 1681 556 1736 olim
569 1681 698 1736 cecinere
713 1682 774 1736 OE.
801 1679 966 1752 praecinere
987 1683 1012 1737 Ο
1027 1681 1092 1750 iam,
1107 1681 1239 1748 Domine,
1254 1683 1314 1736 Rex
1326 1698 1434 1751 regum,
1447 1698 1499 1736 ave
1513 1681 1587 1734 Bur-

325 1761 448 1831 degalen.
471 1759 622 1832 repetition
648 1760 761 1815 fautive.
790 1777 843 1816 nos
856 1761 1152 1816 habesBrevElnen.
1181 1777 1234 1816 nos
1247 1762 1337 1816 habes
1349 1761 1514 1830 redemptos
1527 1760 1588 1815 OE·

327 1841 572 1896 Brcvssicamn.
603 1857 656 1894 nos
669 1857 687 1894 a
699 1857 733 1894 ve
741 1841 906 1911 redemptos
918 1840 950 1910 Q.
981 1842 1041 1894 Rex
1051 1857 1103 1894 ave
1116 1839 1147 1910 Q.
1160 1841 1221 1895 OE.
1237 1841 1298 1895 Rex
1309 1841 1383 1894 alme
1395 1840 1480 1894 Brev.
1489 1840 1588 1893 Elnen.

347 1933 379 1986 14
398 1931 560 1975 sanctorum
580 1920 695 1989 agmina
720 1920 751 1990 Q.
783 1930 948 1975 sanctorum
974 1932 1087 1974 caterva
1111 1921 1303 1974 Brev.Elncn.
1336 1919 1475 1990 processit
1501 1928 1591 1973 morte

339 1999 413 2054 victa
425 2001 472 2054 Αἱ
488 1999 519 2070 Q.
533 1999 594 2054 OE.
605 2000 854 2054 BreuBt'cterren.
874 1999 1070 2053 Brev.Elnen.
1099 2009 1189 2053 morte
1202 1998 1260 2053 vita
1273 1999 1307 2056 B.

349 2093 377 2148 ις
399 2079 475 2133 omni
495 2077 595 2133 ordine
603 2079 792 2149 Burdegalen.
825 2095 881 2132 non
900 2087 991 2133 resset
1005 2079 1042 2132 l).
1057 2079 1251 2134 Brev.Elnen.
1285 2078 1362 2132 omni
1383 2077 1508 2132 carmine
1532 2095 1589 2132 non

330 2158 414 2213 cessit
431 2159 461 2228 Q
478 2158 541 2214 OE.

549 2525 630 2599 275.
665 2506 738 2578 DE
769 2506 993 2580 SANCTO
1021 2506 1357 2581 VINCENTIO.

643 2825 652 2868 Ι
760 2817 766 2824 .

465 2951 567 3015 Sacra
582 2953 751 3016 Vincentii

465 3048 609 3110 mundus
625 3049 808 3111 certamina

465 3140 613 3204 recolens
629 3140 730 3206 hodie

464 3255 546 3318 pura
563 3236 619 3300 det
635 3237 804 3315 carmina;

468 3329 586 3394 Levita
602 3331 726 3396 nobilis

465 3426 518 3490 hic
535 3428 567 3490 in
586 3428 737 3493 Ecclesia

466 3522 538 3586 vice
554 3523 722 3606 pontificis

466 3618 568 3700 gessit
586 3619 762 3700 magnalia.

641 3749 659 3794 2

383 3839 438 3903 Ad
458 3841 629 3923 Hispanos
648 3844 817 3908 Dacianus

381 3935 517 3999 tandem
535 3938 635 4015 venit,
651 3939 700 4000 vir
717 3941 910 4022 prophanus

425 4032 505 4095 deos
521 4043 643 4115 putans
660 4035 750 4098 idola
765 4058 772 4114 ;

383 4125 438 4196 Ob
453 4127 516 4190 hoc
533 4129 628 4192 testis
644 4130 710 4194 iam
727 4132 895 4213 praefatus

382 4242 456 4286 cum
474 4223 590 4288 fuisset
606 4227 792 4290 sciscitatus

425 4321 526 4385 verba
543 4321 613 4386 risit
630 4323 779 4386 subdola.

514 4545 604 4608 Huic
619 4566 697 4609 cura

513 4641 582 4722 pati
599 4641 682 4704 dura

425 4745 561 4818 propter
577 4735 746 4801 Christum
765 4741 870 4802 inerat
886 4761 892 4816 ;

516 4831 581 4895 Hic
598 4843 776 4916 praecepta

513 4926 575 4990 fert
592 4927 707 5012 inepta

427 5021 550 5087 Caesar
566 5043 651 5107 quae
668 5033 839 5091 statuerat.

1266 2826 1288 2887 4

1007 2955 1087 3017 Post
1102 2953 1260 3018 stridores
1276 2961 1479 3028 catenarum,

1006 3048 1122 3112 horror
1137 3057 1232 3131 urget
1248 3048 1459 3112 tenebrarum

1049 3153 1082 3207 et
1099 3144 1199 3208 robur
1214 3143 1317 3206 eculei
1335 3164 1342 3219 ;

1006 3240 1122 3304 Saevit
1138 3240 1258 3322 unguis
1274 3259 1349 3302 cum
1369 3237 1485 3314 furore,

1009 3345 1051 3412 ct,
1068 3354 1218 3416 resperso
1235 3334 1300 3396 iam
1317 3352 1441 3404 cruore,

1053 3440 1144 3494 artus
1160 3439 1299 3494 vernant
1318 3428 1413 3492 nivei.

1273 3603 1287 3668 5

1095 3755 1264 3819 Virtutem
1283 3755 1457 3838 pristinam

1098 3852 1129 3914 in
1149 3850 1221 3914 ferri
1240 3849 1428 3914 machinam

1098 3955 1223 4028 martyr
1239 3945 1403 4022 exhibuit,

1097 4041 1186 4104 Nam
1204 4039 1294 4104 illam
1311 4041 1471 4104 scandere

1096 4135 1269 4200 confossus
1284 4136 1429 4213 verbere,

1098 4231 1185 4294 ultro
1202 4251 1267 4294 non
1287 4231 1407 4294 timuit.

1272 4401 1293 4462 6

1013 4549 1100 4630 Rogi
1117 4547 1261 4628 flagrans
1278 4565 1354 4629 pars
1371 4554 1510 4626 utraque

1010 4642 1213 4706 scintillabat
1229 4659 1477 4724 usquequaque,

980 4807 982 4812 ,
1055 4737 1212 4801 membris
1228 4746 1347 4820 patens
1364 4735 1519 4800 omnibus
1535 4755 1542 4812 ;

1013 4835 1118 4902 Clade
1133 4856 1267 4920 quoque
1284 4835 1457 4918 repentina

1012 4932 1093 4996 salvi
1110 4931 1185 4996 ferit
1201 4932 1358 4996 intestina

1056 5027 1105 5091 sal
1122 5027 1280 5091 iniectum
1298 5027 1440 5111 ignibus.
