4116 5784
653 521 795 572 PROSAE
823 521 1027 574 uectum-Au
1054 521 1291 574 MORINENSIS
1532 519 1603 593 347

609 748 690 816 240.
722 725 797 798 DE
832 715 1057 800 SANCTO
1089 725 1335 800 MAXIMO.

649 953 662 1000 1
1275 956 1297 1016 4

429 1057 572 1124 Gloriosi
589 1057 757 1142 praesulis!
1062 1059 1223 1124 Ostendit
1239 1059 1335 1123 stella
1351 1060 1457 1124 tribus
1542 1101 1543 1106 κ

428 1155 471 1218 sit
487 1155 606 1219 festiva
621 1155 762 1238 singulis
1061 1153 1209 1220 Orientis
1225 1156 1358 1238 regibus

428 1249 499 1313 dies
516 1250 633 1315 Sancti
651 1251 805 1330 Maximi,
1059 1261 1170 1316 ortum
1190 1252 1292 1335 Regis
1308 1251 1455 1334 gloriae;

430 1346 469 1409 ln
485 1367 552 1429 qua
567 1367 643 1410 cum
661 1348 840 1429 praeconio
1059 1347 1115 1412 Sic
1132 1347 1237 1412 tribus
1253 1346 1462 1429 praesulibus

428 1439 516 1506 facta
531 1451 582 1506 est
597 1443 746 1506 ostensio
1059 1452 1212 1506 sanctum
1230 1442 1438 1506 elevantibus

427 1537 487 1600 viri
503 1538 767 1621 praeclarissimi.
1061 1537 1158 1602 stella
1174 1538 1265 1602 fulsit
1280 1540 1417 1620 gratiae.

647 1677 665 1722 2
1280 1673 1295 1740 5

428 1775 505 1860 Quo
521 1777 553 1838 in
571 1776 675 1840 altum
693 1779 818 1860 posito,
1059 1777 1144 1842 Tres
1160 1777 1220 1840 viri
1238 1777 1446 1860 magninomi

428 1871 524 1936 stella
541 1893 665 1956 magna
680 1873 793 1937 subito
1057 1873 1219 1956 praesulis
1237 1873 1268 1936 N
1271 1874 1406 1950 oviomi,

429 1989 527 2051 super
543 1969 652 2051 ipsum
669 1969 797 2046 claruit,
1061 1969 1250 2045 Ambianis,
1268 1970 1401 2047 Morini,

429 2062 524 2146 Quae
540 2084 616 2128 cum
633 2065 712 2128 solis
729 2065 823 2128 radio
1059 2067 1151 2128 Dum
1169 2074 1306 2147 portant
1322 2065 1488 2148 reliquias,

427 2161 565 2237 cunctis,
581 2160 636 2224 die
651 2160 773 2238 medio,
1059 2161 1129 2223 visa
1145 2161 1252 2238 stella,
1268 2163 1393 2243 gratias

430 2255 567 2320 rutilans
583 2257 748 2339 apparuit.
1058 2256 1152 2338 plebs
1168 2257 1227 2320 dat
1246 2256 1388 2322 Summo
1406 2257 1555 2322 Numini.

649 2395 665 2458 3
1276 2380 1298 2441 6

432 2498 538 2564 Stella
555 2498 726 2565 Christum
744 2499 931 2583 parvulum,
1060 2499 1092 2564 O
1109 2499 1158 2562 vir
1174 2500 1287 2582 magni
1305 2500 1413 2563 meriti

429 2595 524 2660 stella
541 2596 665 2661 Christi
682 2596 843 2660 famulum
1060 2598 1155 2660 cuius
1171 2606 1266 2659 actus
1283 2595 1400 2678 inclyti

428 2691 609 2756 declaravit
626 2692 773 2775 populo:
1060 2693 1273 2756 declarantur
1289 2691 1407 2770 sidere,

364 2801 366 2808 ’
429 2787 491 2851 Illa
509 2789 625 2852 mundi
644 2789 839 2865 Dominum,
1058 2788 1162 2872 Apud
1181 2789 1289 2851 Deum
1308 2787 1423 2851 obtine

427 2883 508 2947 haec
524 2884 696 2948 doctorem
714 2883 898 2961 hominum,
1059 2905 1121 2948 nos
1137 2885 1168 2946 in
1188 2884 1321 2948 Christo
1338 2885 1464 2948 lumine

428 3000 503 3044 curn
521 3000 645 3062 magno
662 2979 830 3044 miraculo.
1058 3001 1190 3065 semper
1206 2989 1315 3043 tecum
1333 2981 1449 3043 vivere.

473 3326 554 3395 241.
592 3301 649 3374 IN
690 3297 1092 3372 DEDICATIONE
1129 3297 1453 3372 ECCLESIAE.

368 3553 393 3601 1.
417 3535 545 3614 Gaude,
560 3538 656 3619 virgo
673 3546 780 3600 mater
799 3535 958 3612 Ecclesia,

364 3649 392 3698 2.
416 3633 551 3698 Christo
567 3652 654 3716 quae
671 3632 813 3715 nuptiali
830 3631 951 3714 copula

364 3784 390 3848 3.
417 3768 530 3832 Hodie
546 3767 737 3843 foedereris,
753 3767 833 3830 dote
849 3766 1063 3848 sempiterna,

362 3882 390 3943 4
415 3859 555 3927 Deboris
572 3863 659 3927 stola
675 3872 709 3926 et
725 3863 905 3926 immortali
922 3861 1037 3943 gloria.

366 4009 390 4075 5.
417 3993 513 4058 Haec
529 4003 579 4058 est
596 3993 654 4056 illa
670 3993 825 4056 afinibus
841 4003 949 4055 terrae
965 3993 1101 4054 veniens
1118 3993 1241 4074 regina,

362 4095 391 4154 6.
415 4089 639 4172 Voluptatum
657 4099 862 4152 terrenarum
880 4089 1066 4152 deserendo
1082 4086 1262 4162 illecebras,
1351 4135 1352 4138 ,

363 4233 391 4298 7.
416 4217 465 4282 Ut
483 4217 673 4282 Salomonis
690 4217 791 4280 verba
808 4217 923 4280 audiat
941 4213 1128 4298 magnifica,

364 4315 390 4377 8.
415 4313 516 4377 Vitae
533 4313 662 4376 monita
679 4314 733 4395 pie
750 4313 913 4375 sectando
929 4311 1086 4375 sublimia
1102 4332 1110 4389 ;

362 4463 392 4528 9.
417 4445 513 4509 Haec
529 4454 580 4508 est
598 4444 654 4507 illa
670 4465 772 4507 aureo
788 4445 949 4508 virtutum
967 4443 1093 4507 amictu
1109 4442 1277 4516 decorata,

346 4560 392 4607 ιο.
416 4542 481 4605 Dei
497 4541 640 4604 dextrae
656 4541 817 4604 assistens
834 4541 958 4622 regina,
973 4540 1067 4603 cuius
1083 4537 1127 4602 ab
1143 4537 1232 4600 intus
1248 4535 1362 4618 gloria.

346 4689 392 4737 11.
416 4672 528 4755 Quam
547 4672 640 4735 Deus
657 4671 882 4754 alloquendo:
899 4677 915 4703 “
925 4671 1028 4746 Audi,
1042 4670 1058 4697 ’'
1075 4669 1192 4751 inquit,
1208 4671 1224 4700 “
1238 4665 1313 4743 lilia,

346 4785 392 4833 12.
417 4769 566 4832 Domum
583 4769 689 4850 patris
704 4768 846 4849 abnega,
863 4767 990 4830 mundo
1006 4765 1214 4830 abrenuntia.

347 4915 393 4978 13.
418 4899 468 4963 Ut
483 4899 623 4962 serveris
638 4908 715 4963 actu
733 4907 766 4963 et
784 4909 896 4962 mente
913 4898 1064 4981 virginea

349 5013 394 5074 14.
420 4993 532 5059 Placet
550 4996 658 5073 decor,
674 4995 784 5077 placet
801 4994 995 5078 speciositas
1011 5003 1077 5058 tua.
1094 4993 1110 5020 '¹
