4102 5792
484 529 559 602 444

792 719 807 786 5

530 820 697 884 Dominus
713 817 802 883 dixit
818 820 860 884 de
875 840 916 883 eo

530 915 619 999 quod
638 935 704 978 non
721 924 791 978 erat
808 917 914 979 maior
929 937 969 980 eo

531 1011 616 1074 inter
632 1021 729 1074 natos
747 1010 921 1075 mulierum
938 1033 945 1089 ;

533 1107 601 1170 lste
619 1105 787 1171 Christum
805 1105 997 1189 baptizavit,

532 1212 565 1266 et
582 1202 689 1285 digito
704 1202 946 1267 demonstravit

533 1297 706 1361 tollentem
723 1299 837 1361 sordes
853 1298 1023 1362 scelerum.

794 1412 816 1472 6

537 1525 603 1588 Hic
622 1523 713 1587 Elias
729 1525 897 1586 aestimari

535 1620 604 1682 sive
620 1618 771 1684 Christus
788 1621 933 1700 reputari

536 1715 651 1790 noluit,
668 1716 735 1776 imo
752 1715 887 1796 negavit
904 1737 911 1792 ;

538 1811 604 1875 Sed
623 1831 820 1892 praeconem
839 1831 943 1874 novae
964 1811 1046 1894 legis

491 1905 495 1910 ’
537 1917 570 1968 et
588 1907 740 1968 nuntium
760 1907 835 1968 novi
854 1905 957 1988 Regis

538 2023 573 2063 se
590 2001 807 2083 praemissum
826 2000 1009 2065 affirmavit.

800 2129 818 2192 7

479 2285 481 2288 .
541 2225 704 2308 Baptismi
722 2226 947 2307 poenitentiae

541 2323 666 2403 primus
684 2320 743 2383 luit
760 2330 793 2383 et
809 2323 936 2402 gratiae

541 2417 751 2498 praedicator
766 2417 911 2479 eximius
925 2439 932 2496 ;

791 527 933 578 PROSAE
961 530 1164 582 ECCLESIAE
1192 525 1435 580 REDONENSIS

1162 819 1314 885 Cilicium
1333 819 1394 884 luit
1411 820 1520 897 vestis,

1166 936 1253 1000 aqua
1268 925 1377 999 potus,
1393 928 1426 979 et
1442 937 1502 997 pro
1518 915 1602 977 escis

1165 1001 1229 1075 mel
1245 1022 1279 1076 et
1295 1011 1440 1075 locustas
1455 1011 1572 1075 habuit
1589 1031 1596 1088 ;

1165 1107 1241 1171 Non
1259 1108 1388 1172 arundo
1404 1107 1549 1172 levitatis

1163 1204 1221 1268 sed
1238 1202 1394 1268 columna
1410 1204 1569 1278 veritatis,

1162 1309 1300 1363 cunctos
1316 1309 1509 1363 constanter
1524 1297 1642 1379 arguit.

1168 1525 1249 1589 Eius
1266 1546 1303 1589 os
1321 1525 1414 1588 Deus
1425 1430 1541 1606 {osuit

1168 1632 1203 1683 ut
1220 1621 1369 1702 gladium
1386 1629 1420 1682 et
1436 1620 1525 1682 acuit

1164 1718 1207 1778 ad
1225 1717 1401 1778 reserenda
1417 1715 1498 1778 vitia
1514 1739 1521 1796 ;

1169 1812 1218 1876 Ut
1234 1813 1325 1876 velut
1342 1811 1442 1874 missa
1459 1811 1583 1892 sagitta

1168 1907 1274 1990 piebis
1291 1915 1481 1988 penetretur
1498 1907 1544 1968 ita

1212 2004 1361 2066 cordium
1380 2003 1510 2066 duritia.

1424 2131 1462 2178 10

1172 2228 1296 2310 Magne
1314 2247 1433 2310 praeco
1448 2227 1606 2304 veritatis,

1170 2332 1248 2387 tuae
1265 2323 1553 2405 magnanimitatis

1217 2420 1308 2481 muni
1326 2439 1386 2482 nos
1402 2419 1577 2500 praesidio,

544 2513 610 2575 Hic
627 2513 728 2574 vitam
746 2532 846 2594 quam
864 2514 1067 2594 praedicavit
1174 2515 1222 2580 Ut
1239 2513 1391 2578 hostibus
1407 2516 1571 2596 superatis

543 2608 575 2670 in
592 2609 725 2670 deserto
740 2609 945 2671 consecravit

586 2702 729 2766 vivendo
744 2704 916 2766 austerius.

1174 2620 1365 2673 sanctorum
1384 2610 1552 2672 societatis

1217 2705 1424 2787 perfruamur
1442 2705 1600 2787 praemio.

536 2885 730 2936 Manuscrlt.
754 2883 867 2936 Panis:
889 2883 962 2937 Bibl.
979 2885 1055 2951 Nat,
1072 2883 1147 2952 1098,
1160 2883 1260 2938 Missel
1274 2883 1309 2937 de
1324 2884 1447 2951 Rennes‚
1465 2871 1520 2936 Ικὶνε
1532 2883 1627 2950 siecle,
1646 2883 1677 2934 Υ.

536 3015 580 3078 3t
612 3010 721 3064 Mariae
735 3009 808 3064 intra
828 3012 858 3064 l'.

536 3103 583 3154 40
613 3089 808 3159 aparentibus
828 3091 858 3144 V.
872 3089 1008 3144 Redonen.
1042 3108 1059 3146 e
1085 3101 1113 3146 et
1127 3090 1349 3161 praedestinavit
1370 3091 1400 3143 Y.

536 3183 582 3235 70
613 3169 791 3224 conservavit
804 3169 943 3224 Redouen.

523 3263 556 3302 ιο
567 3265 587 3303 a
618 3265 718 3319 precor
732 3250 870 3306 Rectam.

790 3504 871 3573 312·
910 3481 984 3552 DE
1016 3480 1240 3555 SANCTO
1272 3479 1470 3554 PETRO.

815 3715 826 3759 l

551 3807 649 3870 Petro
666 3807 787 3890 psallat
803 3807 1025 3872 laetabundus

549 3911 661 3965 noster
677 3913 792 3966 coetus
809 3915 842 3968 et
858 3903 1021 3968 iucundus

502 4055 505 4060 .
593 4009 788 4081 prorumpat
805 3999 837 4062 in
854 3999 1001 4080 gaudia;

551 4092 666 4156 Nostri
683 4094 774 4158 chori
791 4095 888 4158 dulce
906 4093 1009 4158 melos

552 4188 649 4252 laude
665 4189 768 4272 digna
784 4190 892 4272 pulset
909 4191 1020 4254 caelos

568 4295 575 4308 ·
597 4285 685 4347 Petri
703 4305 763 4366 pro
779 4287 927 4351 victoria.

814 4415 831 4460 2

554 4509 678 4574 Psallat
694 4530 774 4574 voce
791 4511 885 4592 plebs
902 4512 1054 4589 iocunda,

551 4625 634 4687 gens
651 4626 670 4668 a
686 4605 778 4669 faece
796 4606 910 4669 mundi
929 4608 1055 4671 munda

595 4701 743 4765 exsultet
760 4702 792 4764 in
809 4701 915 4784 gloria
930 4723 938 4781 ;

555 4797 688 4860 Laudes
704 4797 832 4880 pandat
848 4817 916 4860 vox
933 4819 1063 4872 sonora,

554 4903 680 4974 pangat
695 4893 786 4956 orbis
802 4903 836 4956 et
852 4912 974 4956 canora
1018 4941 1020 4946 -

598 4988 711 5053 reboet
728 4989 909 5053 harmonia.

1443 3709 1460 3773 3

1181 3808 1260 3872 Post
1276 3815 1414 3888 accepta
1430 3805 1553 3870 Christi
1569 3805 1658 3868 dona

1180 3893 1211 3966 in
1230 3903 1390 3966 mandata
1407 3900 1529 3965 Christi
1546 3919 1651 3982 prona

1223 3999 1459 4080 disperguntur
1475 3996 1609 4078 agmina
1623 4017 1630 4073 ;

1181 4095 1304 4159 Christi
1324 4094 1420 4158 donis
1437 4093 1503 4156 iarn
1521 4092 1668 4156 imbutus

1182 4190 1327 4253 Romam
1346 4191 1462 4254 Petrus
1479 4189 1549 4252 adit
1565 4197 1666 4264 tutus,

1222 4286 1316 4348 cuius
1331 4285 1420 4348 delet
1437 4284 1584 4347 crimina.

1185 4512 1276 4574 Prius
1293 4510 1377 4593 polis
1394 4509 1493 4591 plena
1509 4509 1595 4573 dolis

1183 4607 1353 4672 Christum
1372 4625 1454 4688 pura
1471 4613 1582 4668 mente
1599 4603 1679 4666 colis

1226 4703 1358 4784 patroni
1374 4701 1575 4784 praeconi0;
1654 4776 1658 4785 Ι

1182 4798 1305 4864 Christi
1322 4797 1455 4874 cultrix,
1473 4797 1592 4873 Roma,
1608 4795 1729 4878 gaude,

1184 4915 1222 4958 ac
1236 4894 1368 4976 patroni
1384 4893 1487 4976 digna
1505 4892 1602 4955 laude

1228 4989 1351 5053 laetare
1367 4987 1542 5072 praesidio.
