<?xml version="1.0" encoding="UTF-8"?>
<!DOCTYPE html PUBLIC "-//W3C//DTD XHTML 1.0 Transitional//EN"
    "http://www.w3.org/TR/xhtml1/DTD/xhtml1-transitional.dtd">
<html xmlns="http://www.w3.org/1999/xhtml" xml:lang="en" lang="en">
 <head>
  <title>
</title>
<meta http-equiv="Content-Type" content="text/html;charset=utf-8" />
  <meta name='ocr-system' content='tesseract 3.04.00' />
  <meta name='ocr-capabilities' content='ocr_page ocr_carea ocr_par ocr_line ocrx_word'/>
</head>
<body>
  <div class='ocr_page' id='page_1' title='image "./analectaliturgi00wealgoog/analectaliturgi00wealgoog_0430.png"; bbox 0 0 4102 5792; ppageno 0'>
   <div class='ocr_carea' id='block_1_1' title="bbox 665 531 1282 584">
    <p class='ocr_par' dir='ltr' id='par_1_1' title="bbox 665 531 1282 584">
     <span class='ocr_line' id='line_1_1' title="bbox 665 531 1282 584; baseline 0.006 -4"><span class='ocrx_word' id='word_1_1' title='bbox 665 531 806 582; x_wconf 85' lang='lat' dir='ltr'>PROSAE</span> <span class='ocrx_word' id='word_1_2' title='bbox 834 531 1036 584; x_wconf 76' lang='lat' dir='ltr'><strong>ECCLESIAE</strong></span> <span class='ocrx_word' id='word_1_3' title='bbox 1064 533 1282 584; x_wconf 81' lang='lat' dir='ltr'>LVBlCENSIS</span> 
     </span>
    </p>
   </div>
   <div class='ocr_carea' id='block_1_2' title="bbox 1524 541 1595 609">
    <p class='ocr_par' dir='ltr' id='par_1_2' title="bbox 1524 541 1595 609">
     <span class='ocr_line' id='line_1_2' title="bbox 1524 541 1595 609; baseline 0.014 -1"><span class='ocrx_word' id='word_1_4' title='bbox 1524 541 1595 609; x_wconf 83' lang='lat'>4²3</span> 
     </span>
    </p>
   </div>
   <div class='ocr_carea' id='block_1_3' title="bbox 374 716 1254 790">
    <p class='ocr_par' dir='ltr' id='par_1_3' title="bbox 374 716 1254 790">
     <span class='ocr_line' id='line_1_3' title="bbox 374 716 1254 790; baseline 0.002 -19"><span class='ocrx_word' id='word_1_5' title='bbox 374 731 391 782; x_wconf 88' lang='grc'>4</span> <span class='ocrx_word' id='word_1_6' title='bbox 409 717 454 772; x_wconf 77' lang='lat' dir='ltr'>Au</span> <span class='ocrx_word' id='word_1_7' title='bbox 467 716 522 771; x_wconf 86' lang='lat' dir='ltr'>lieu</span> <span class='ocrx_word' id='word_1_8' title='bbox 532 716 569 771; x_wconf 91' lang='lat' dir='ltr'>de</span> <span class='ocrx_word' id='word_1_9' title='bbox 581 725 657 771; x_wconf 89' lang='lat' dir='ltr'>cette</span> <span class='ocrx_word' id='word_1_10' title='bbox 670 716 795 786; x_wconf 88' lang='lat' dir='ltr'>strophe,</span> <span class='ocrx_word' id='word_1_11' title='bbox 807 733 845 771; x_wconf 88' lang='lat' dir='ltr'>on</span> <span class='ocrx_word' id='word_1_12' title='bbox 858 717 889 772; x_wconf 91' lang='lat' dir='ltr'>lit</span> <span class='ocrx_word' id='word_1_13' title='bbox 902 717 975 772; x_wconf 90' lang='lat' dir='ltr'>dans</span> <span class='ocrx_word' id='word_1_14' title='bbox 990 718 1233 790; x_wconf 65' lang='lat' dir='ltr'>Brancisnburgen</span> <span class='ocrx_word' id='word_1_15' title='bbox 1243 739 1254 773; x_wconf 94' lang='lat'><em>:</em></span> 
     </span>
    </p>
   </div>
   <div class='ocr_carea' id='block_1_4' title="bbox 495 811 808 1166">
    <p class='ocr_par' dir='ltr' id='par_1_4' title="bbox 495 811 808 1166">
     <span class='ocr_line' id='line_1_4' title="bbox 497 811 789 882; baseline 0 -16"><span class='ocrx_word' id='word_1_16' title='bbox 497 813 659 882; x_wconf 82' lang='lat' dir='ltr'>Exsurgeus</span> <span class='ocrx_word' id='word_1_17' title='bbox 678 811 789 882; x_wconf 81' lang='lat' dir='ltr'>festina,</span> 
     </span>
     <span class='ocr_line' id='line_1_5' title="bbox 495 882 768 938; baseline 0.004 -1"><span class='ocrx_word' id='word_1_18' title='bbox 495 882 612 938; x_wconf 89' lang='lat' dir='ltr'>visitans</span> <span class='ocrx_word' id='word_1_19' title='bbox 632 893 768 938; x_wconf 88' lang='lat' dir='ltr'>montana</span> 
     </span>
     <span class='ocr_line' id='line_1_6' title="bbox 496 953 756 1009; baseline 0 -1"><span class='ocrx_word' id='word_1_20' title='bbox 496 964 525 1008; x_wconf 93' lang='lat' dir='ltr'>ut</span> <span class='ocrx_word' id='word_1_21' title='bbox 544 953 679 1009; x_wconf 92' lang='lat' dir='ltr'>virtutum</span> <span class='ocrx_word' id='word_1_22' title='bbox 698 955 756 1009; x_wconf 84' lang='lat' dir='ltr'>alta</span> 
     </span>
     <span class='ocr_line' id='line_1_7' title="bbox 495 1023 808 1095; baseline 0 -15"><span class='ocrx_word' id='word_1_23' title='bbox 495 1035 602 1094; x_wconf 89' lang='lat' dir='ltr'>petant,</span> <span class='ocrx_word' id='word_1_24' title='bbox 621 1041 692 1095; x_wconf 92' lang='lat' dir='ltr'>quos</span> <span class='ocrx_word' id='word_1_25' title='bbox 711 1023 808 1080; x_wconf 86' lang='lat' dir='ltr'>infima</span> 
     </span>
     <span class='ocr_line' id='line_1_8' title="bbox 495 1097 755 1166; baseline 0.004 -16"><span class='ocrx_word' id='word_1_26' title='bbox 495 1097 591 1151; x_wconf 80' lang='lat' dir='ltr'>fovent</span> <span class='ocrx_word' id='word_1_27' title='bbox 610 1097 755 1166; x_wconf 88' lang='lat' dir='ltr'>peritura;</span> 
     </span>
    </p>
   </div>
   <div class='ocr_carea' id='block_1_5' title="bbox 1125 815 1436 1156">
    <p class='ocr_par' dir='ltr' id='par_1_5' title="bbox 1125 815 1436 1156">
     <span class='ocr_line' id='line_1_9' title="bbox 1127 815 1349 872; baseline 0.014 -3"><span class='ocrx_word' id='word_1_28' title='bbox 1127 815 1191 870; x_wconf 88' lang='lat' dir='ltr'>Fuit</span> <span class='ocrx_word' id='word_1_29' title='bbox 1210 815 1261 872; x_wconf 91' lang='lat' dir='ltr'>tibi</span> <span class='ocrx_word' id='word_1_30' title='bbox 1281 817 1349 872; x_wconf 87' lang='lat' dir='ltr'>data</span> 
     </span>
     <span class='ocr_line' id='line_1_10' title="bbox 1126 886 1348 943; baseline 0.014 -3"><span class='ocrx_word' id='word_1_31' title='bbox 1126 886 1261 941; x_wconf 90' lang='lat' dir='ltr'>divinitus</span> <span class='ocrx_word' id='word_1_32' title='bbox 1280 899 1348 943; x_wconf 91' lang='lat' dir='ltr'>nota</span> 
     </span>
     <span class='ocr_line' id='line_1_11' title="bbox 1125 957 1406 1028; baseline 0.011 -16"><span class='ocrx_word' id='word_1_33' title='bbox 1125 957 1265 1014; x_wconf 84' lang='lat' dir='ltr'>exclamat</span> <span class='ocrx_word' id='word_1_34' title='bbox 1283 970 1406 1028; x_wconf 86' lang='lat' dir='ltr'>cognata</span> 
     </span>
     <span class='ocr_line' id='line_1_12' title="bbox 1126 1028 1436 1102; baseline 0.019 -20"><span class='ocrx_word' id='word_1_35' title='bbox 1126 1029 1203 1100; x_wconf 92' lang='lat' dir='ltr'>quod</span> <span class='ocrx_word' id='word_1_36' title='bbox 1222 1028 1261 1084; x_wconf 91' lang='lat' dir='ltr'>sis</span> <span class='ocrx_word' id='word_1_37' title='bbox 1280 1031 1436 1102; x_wconf 80' lang='lat' dir='ltr'>gravidata,</span> 
     </span>
     <span class='ocr_line' id='line_1_13' title="bbox 1130 1101 1374 1156; baseline 0.008 -2"><span class='ocrx_word' id='word_1_38' title='bbox 1130 1101 1180 1154; x_wconf 90' lang='lat' dir='ltr'>sed</span> <span class='ocrx_word' id='word_1_39' title='bbox 1199 1101 1250 1154; x_wconf 92' lang='lat' dir='ltr'>viri</span> <span class='ocrx_word' id='word_1_40' title='bbox 1270 1102 1374 1156; x_wconf 86' lang='lat' dir='ltr'>nescia</span> 
     </span>
    </p>
   </div>
   <div class='ocr_carea' id='block_1_6' title="bbox 373 1192 1115 1264">
    <p class='ocr_par' dir='ltr' id='par_1_6' title="bbox 373 1192 1115 1264">
     <span class='ocr_line' id='line_1_14' title="bbox 373 1192 1115 1264; baseline 0.005 -18"><span class='ocrx_word' id='word_1_41' title='bbox 373 1207 390 1258; x_wconf 82' lang='lat'><strong>4</strong></span> <span class='ocrx_word' id='word_1_42' title='bbox 403 1198 417 1246; x_wconf 87' lang='lat' dir='ltr'>t</span> <span class='ocrx_word' id='word_1_43' title='bbox 448 1194 526 1248; x_wconf 91' lang='lat' dir='ltr'>Nam</span> <span class='ocrx_word' id='word_1_44' title='bbox 538 1202 651 1264; x_wconf 90' lang='lat' dir='ltr'>partum</span> <span class='ocrx_word' id='word_1_45' title='bbox 661 1192 747 1248; x_wconf 85' lang='lat' dir='ltr'><em>LUC.</em></span> <span class='ocrx_word' id='word_1_46' title='bbox 763 1194 858 1249; x_wconf 87' lang='lat' dir='ltr'><em>LUK.</em></span> <span class='ocrx_word' id='word_1_47' title='bbox 873 1195 972 1250; x_wconf 87' lang='lat' dir='ltr'>LUM.</span> <span class='ocrx_word' id='word_1_48' title='bbox 984 1197 1115 1252; x_wconf 80' lang='lat' dir='ltr'>Lubicen.</span> 
     </span>
    </p>
   </div>
   <div class='ocr_carea' id='block_1_7' title="bbox 375 1273 739 1344">
    <p class='ocr_par' dir='ltr' id='par_1_7' title="bbox 375 1273 739 1344">
     <span class='ocr_line' id='line_1_15' title="bbox 375 1273 739 1344; baseline 0 -18"><span class='ocrx_word' id='word_1_49' title='bbox 375 1287 387 1342; x_wconf 84' lang='lat'>5</span> <span class='ocrx_word' id='word_1_50' title='bbox 402 1279 423 1326; x_wconf 89' lang='lat' dir='ltr'>d</span> <span class='ocrx_word' id='word_1_51' title='bbox 454 1273 596 1344; x_wconf 88' lang='lat' dir='ltr'>tripudeat</span> <span class='ocrx_word' id='word_1_52' title='bbox 609 1273 739 1327; x_wconf 84' lang='lat' dir='ltr'>Lubicen.</span> 
     </span>
    </p>
   </div>
   <div class='ocr_carea' id='block_1_8' title="bbox 372 1351 1594 1423">
    <p class='ocr_par' dir='ltr' id='par_1_8' title="bbox 372 1351 1594 1423">
     <span class='ocr_line' id='line_1_16' title="bbox 372 1351 1594 1423; baseline 0.004 -18"><span class='ocrx_word' id='word_1_53' title='bbox 372 1353 388 1405; x_wconf 88' lang='lat'><strong>6</strong></span> <span class='ocrx_word' id='word_1_54' title='bbox 409 1353 449 1406; x_wconf 88' lang='lat' dir='ltr'>La</span> <span class='ocrx_word' id='word_1_55' title='bbox 462 1351 602 1422; x_wconf 77' lang='lat' dir='ltr'>premiere</span> <span class='ocrx_word' id='word_1_56' title='bbox 614 1351 706 1422; x_wconf 90' lang='lat' dir='ltr'>partie</span> <span class='ocrx_word' id='word_1_57' title='bbox 717 1352 752 1407; x_wconf 90' lang='lat' dir='ltr'>de</span> <span class='ocrx_word' id='word_1_58' title='bbox 765 1363 839 1406; x_wconf 87' lang='lat' dir='ltr'>cette</span> <span class='ocrx_word' id='word_1_59' title='bbox 861 1353 976 1422; x_wconf 87' lang='lat' dir='ltr'>strophe</span> <span class='ocrx_word' id='word_1_60' title='bbox 998 1371 1120 1423; x_wconf 77' lang='lat' dir='ltr'>marique</span> <span class='ocrx_word' id='word_1_61' title='bbox 1133 1355 1205 1408; x_wconf 90' lang='lat' dir='ltr'>daus</span> <span class='ocrx_word' id='word_1_62' title='bbox 1220 1355 1305 1410; x_wconf 87' lang='lat' dir='ltr'><em>LUC.</em></span> <span class='ocrx_word' id='word_1_63' title='bbox 1318 1357 1413 1412; x_wconf 87' lang='lat' dir='ltr'><em>LUK.</em></span> <span class='ocrx_word' id='word_1_64' title='bbox 1427 1357 1522 1411; x_wconf 87' lang='lat' dir='ltr'>LUM</span> <span class='ocrx_word' id='word_1_65' title='bbox 1536 1358 1594 1410; x_wconf 88' lang='lat' dir='ltr'>Lu·</span> 
     </span>
    </p>
   </div>
   <div class='ocr_carea' id='block_1_9' title="bbox 326 1432 418 1486">
    <p class='ocr_par' dir='ltr' id='par_1_9' title="bbox 326 1432 418 1486">
     <span class='ocr_line' id='line_1_17' title="bbox 326 1432 418 1486; baseline 0.022 -2"><span class='ocrx_word' id='word_1_66' title='bbox 326 1432 418 1486; x_wconf 69' lang='lat' dir='ltr'>dicen.</span> 
     </span>
    </p>
   </div>
   <div class='ocr_carea' id='block_1_10' title="bbox 373 1535 1001 1592">
    <p class='ocr_par' dir='ltr' id='par_1_10' title="bbox 373 1535 1001 1592">
     <span class='ocr_line' id='line_1_18' title="bbox 373 1535 1001 1592; baseline 0.003 -2"><span class='ocrx_word' id='word_1_67' title='bbox 373 1537 453 1591; x_wconf 85' lang='lat' dir='ltr'>Certe</span> <span class='ocrx_word' id='word_1_68' title='bbox 469 1536 555 1590; x_wconf 90' lang='lat' dir='ltr'>Prose</span> <span class='ocrx_word' id='word_1_69' title='bbox 568 1553 598 1590; x_wconf 89' lang='lat' dir='ltr'>se</span> <span class='ocrx_word' id='word_1_70' title='bbox 612 1536 643 1590; x_wconf 90' lang='lat' dir='ltr'>lit</span> <span class='ocrx_word' id='word_1_71' title='bbox 656 1535 733 1592; x_wconf 89' lang='lat' dir='ltr'>aussi</span> <span class='ocrx_word' id='word_1_72' title='bbox 747 1537 819 1591; x_wconf 86' lang='lat' dir='ltr'>dans</span> <span class='ocrx_word' id='word_1_73' title='bbox 834 1539 1001 1592; x_wconf 81' lang='lat' dir='ltr'>Posnam&#39;en.</span> 
     </span>
    </p>
   </div>
   <div class='ocr_carea' id='block_1_11' title="bbox 389 1818 1539 1909">
    <p class='ocr_par' dir='ltr' id='par_1_11' title="bbox 389 1818 1539 1909">
     <span class='ocr_line' id='line_1_19' title="bbox 389 1818 1539 1909; baseline 0.006 -21"><span class='ocrx_word' id='word_1_74' title='bbox 389 1824 469 1909; x_wconf 90' lang='lat'>296.</span> <span class='ocrx_word' id='word_1_75' title='bbox 506 1818 581 1891; x_wconf 88' lang='lat' dir='ltr'>DE</span> <span class='ocrx_word' id='word_1_76' title='bbox 611 1819 1012 1894; x_wconf 79' lang='lat' dir='ltr'>COMPASSIONE</span> <span class='ocrx_word' id='word_1_77' title='bbox 1046 1819 1270 1892; x_wconf 86' lang='lat' dir='ltr'><strong>BEATAE</strong></span> <span class='ocrx_word' id='word_1_78' title='bbox 1306 1821 1539 1896; x_wconf 85' lang='lat' dir='ltr'>MARIAE.</span> 
     </span>
    </p>
   </div>
   <div class='ocr_carea' id='block_1_12' title="bbox 643 2090 653 2134">
    <p class='ocr_par' dir='ltr' id='par_1_12' title="bbox 643 2090 653 2134">
     <span class='ocr_line' id='line_1_20' title="bbox 643 2090 653 2134; baseline 0 0"><span class='ocrx_word' id='word_1_79' title='bbox 643 2090 653 2134; x_wconf 90' lang='lat' dir='ltr'>l</span> 
     </span>
    </p>
   </div>
   <div class='ocr_carea' id='block_1_13' title="bbox 377 2216 887 2784">
    <p class='ocr_par' dir='ltr' id='par_1_13' title="bbox 379 2216 887 2294">
     <span class='ocr_line' id='line_1_21' title="bbox 379 2216 887 2294; baseline 0.002 -15"><span class='ocrx_word' id='word_1_80' title='bbox 379 2216 527 2279; x_wconf 85' lang='lat' dir='ltr'>Verbum</span> <span class='ocrx_word' id='word_1_81' title='bbox 546 2218 653 2280; x_wconf 89' lang='lat' dir='ltr'>Patris</span> <span class='ocrx_word' id='word_1_82' title='bbox 670 2227 887 2294; x_wconf 86' lang='lat' dir='ltr'>aeternatum,</span> 
     </span>
    </p>

    <p class='ocr_par' dir='ltr' id='par_1_14' title="bbox 379 2313 819 2489">
     <span class='ocr_line' id='line_1_22' title="bbox 379 2313 771 2378; baseline 0.005 -2"><span class='ocrx_word' id='word_1_83' title='bbox 379 2334 421 2376; x_wconf 92' lang='lat' dir='ltr'>ex</span> <span class='ocrx_word' id='word_1_84' title='bbox 440 2313 771 2378; x_wconf 84' lang='lat' dir='ltr'>Maria&#39;iucarnatum</span> 
     </span>
     <span class='ocr_line' id='line_1_23' title="bbox 422 2411 819 2489; baseline 0.003 -16"><span class='ocrx_word' id='word_1_85' title='bbox 422 2411 535 2474; x_wconf 89' lang='lat' dir='ltr'>laudet</span> <span class='ocrx_word' id='word_1_86' title='bbox 552 2421 665 2474; x_wconf 89' lang='lat' dir='ltr'>nostra</span> <span class='ocrx_word' id='word_1_87' title='bbox 682 2413 798 2474; x_wconf 90' lang='lat' dir='ltr'>concio</span> <span class='ocrx_word' id='word_1_88' title='bbox 813 2435 819 2489; x_wconf 93' lang='lat'>;</span> 
     </span>
    </p>

    <p class='ocr_par' dir='ltr' id='par_1_15' title="bbox 379 2508 883 2591">
     <span class='ocr_line' id='line_1_24' title="bbox 379 2508 883 2591; baseline 0.002 -21"><span class='ocrx_word' id='word_1_89' title='bbox 379 2508 493 2570; x_wconf 92' lang='lat' dir='ltr'>Dulcis</span> <span class='ocrx_word' id='word_1_90' title='bbox 510 2518 622 2571; x_wconf 91' lang='lat' dir='ltr'>auster</span> <span class='ocrx_word' id='word_1_91' title='bbox 638 2529 714 2574; x_wconf 84' lang='lat' dir='ltr'>narn</span> <span class='ocrx_word' id='word_1_92' title='bbox 733 2509 883 2591; x_wconf 90' lang='lat' dir='ltr'>perflavit</span> 
     </span>
    </p>

    <p class='ocr_par' dir='ltr' id='par_1_16' title="bbox 377 2605 861 2784">
     <span class='ocr_line' id='line_1_25' title="bbox 377 2605 861 2687; baseline 0.004 -21"><span class='ocrx_word' id='word_1_93' title='bbox 377 2605 566 2686; x_wconf 83' lang='lat' dir='ltr'>aquilonem</span> <span class='ocrx_word' id='word_1_94' title='bbox 585 2607 664 2668; x_wconf 93' lang='lat' dir='ltr'>dum</span> <span class='ocrx_word' id='word_1_95' title='bbox 683 2606 861 2687; x_wconf 90' lang='lat' dir='ltr'>prostravit</span> 
     </span>
     <span class='ocr_line' id='line_1_26' title="bbox 419 2703 702 2784; baseline 0.011 -22"><span class='ocrx_word' id='word_1_96' title='bbox 419 2703 557 2784; x_wconf 84' lang='lat' dir='ltr'>spiritali</span> <span class='ocrx_word' id='word_1_97' title='bbox 576 2705 702 2766; x_wconf 78' lang='lat' dir='ltr'>nuntio</span> 
     </span>
    </p>
   </div>
   <div class='ocr_carea' id='block_1_14' title="bbox 637 2861 654 2906">
    <p class='ocr_par' dir='ltr' id='par_1_17' title="bbox 637 2861 654 2906">
     <span class='ocr_line' id='line_1_27' title="bbox 637 2861 654 2906; baseline 0 0"><span class='ocrx_word' id='word_1_98' title='bbox 637 2861 654 2906; x_wconf 88' lang='lat'><em>2</em></span> 
     </span>
    </p>
   </div>
   <div class='ocr_carea' id='block_1_15' title="bbox 375 2983 933 3549">
    <p class='ocr_par' dir='ltr' id='par_1_18' title="bbox 375 2983 933 3549">
     <span class='ocr_line' id='line_1_28' title="bbox 377 2983 891 3066; baseline 0.002 -21"><span class='ocrx_word' id='word_1_99' title='bbox 377 2983 499 3046; x_wconf 85' lang='lat' dir='ltr'>Mirum</span> <span class='ocrx_word' id='word_1_100' title='bbox 517 2983 609 3065; x_wconf 85' lang='lat' dir='ltr'>virga</span> <span class='ocrx_word' id='word_1_101' title='bbox 625 2983 749 3066; x_wconf 78' lang='lat' dir='ltr'><strong>profert</strong></span> <span class='ocrx_word' id='word_1_102' title='bbox 766 2983 891 3059; x_wconf 87' lang='lat' dir='ltr'>liorem,</span> 
     </span>
     <span class='ocr_line' id='line_1_29' title="bbox 375 3079 880 3162; baseline 0 -20"><span class='ocrx_word' id='word_1_103' title='bbox 375 3099 514 3162; x_wconf 85' lang='lat' dir='ltr'>granum</span> <span class='ocrx_word' id='word_1_104' title='bbox 533 3079 658 3142; x_wconf 82' lang='lat' dir='ltr'>fulvum</span> <span class='ocrx_word' id='word_1_105' title='bbox 676 3079 708 3141; x_wconf 93' lang='lat' dir='ltr'>in</span> <span class='ocrx_word' id='word_1_106' title='bbox 726 3079 880 3142; x_wconf 86' lang='lat' dir='ltr'>decorem</span> 
     </span>
     <span class='ocr_line' id='line_1_30' title="bbox 418 3176 833 3258; baseline 0 -20"><span class='ocrx_word' id='word_1_107' title='bbox 418 3197 477 3258; x_wconf 93' lang='lat' dir='ltr'>pro</span> <span class='ocrx_word' id='word_1_108' title='bbox 494 3187 669 3258; x_wconf 89' lang='lat' dir='ltr'>parentum</span> <span class='ocrx_word' id='word_1_109' title='bbox 687 3176 833 3252; x_wconf 90' lang='lat' dir='ltr'>crimine,</span> 
     </span>
     <span class='ocr_line' id='line_1_31' title="bbox 375 3274 933 3356; baseline 0 -20"><span class='ocrx_word' id='word_1_110' title='bbox 375 3274 473 3356; x_wconf 85' lang='lat' dir='ltr'>Quod</span> <span class='ocrx_word' id='word_1_111' title='bbox 491 3283 669 3336; x_wconf 92' lang='lat' dir='ltr'>contusum</span> <span class='ocrx_word' id='word_1_112' title='bbox 687 3283 720 3335; x_wconf 91' lang='lat' dir='ltr'>et</span> <span class='ocrx_word' id='word_1_113' title='bbox 736 3293 933 3354; x_wconf 85' lang='lat' dir='ltr'>expressum</span> 
     </span>
     <span class='ocr_line' id='line_1_32' title="bbox 375 3370 804 3452; baseline 0 -20"><span class='ocrx_word' id='word_1_114' title='bbox 375 3381 486 3433; x_wconf 91' lang='lat' dir='ltr'>mente</span> <span class='ocrx_word' id='word_1_115' title='bbox 502 3389 584 3452; x_wconf 92' lang='lat' dir='ltr'>pura</span> <span class='ocrx_word' id='word_1_116' title='bbox 602 3370 804 3432; x_wconf 85' lang='lat' dir='ltr'>indefessum</span> 
     </span>
     <span class='ocr_line' id='line_1_33' title="bbox 417 3467 821 3549; baseline 0.002 -19"><span class='ocrx_word' id='word_1_117' title='bbox 417 3467 483 3530; x_wconf 89' lang='lat' dir='ltr'>fera</span> <span class='ocrx_word' id='word_1_118' title='bbox 499 3487 581 3549; x_wconf 89' lang='lat' dir='ltr'>gens</span> <span class='ocrx_word' id='word_1_119' title='bbox 599 3467 659 3529; x_wconf 85' lang='lat' dir='ltr'>lert</span> <span class='ocrx_word' id='word_1_120' title='bbox 676 3467 821 3531; x_wconf 88' lang='lat' dir='ltr'>minime.</span> 
     </span>
    </p>
   </div>
   <div class='ocr_carea' id='block_1_16' title="bbox 634 3628 651 3691">
    <p class='ocr_par' dir='ltr' id='par_1_19' title="bbox 634 3628 651 3691">
     <span class='ocr_line' id='line_1_34' title="bbox 634 3628 651 3691; baseline 0 0"><span class='ocrx_word' id='word_1_121' title='bbox 634 3628 651 3691; x_wconf 87' lang='lat'>3</span> 
     </span>
    </p>
   </div>
   <div class='ocr_carea' id='block_1_17' title="bbox 374 3748 827 4006">
    <p class='ocr_par' dir='ltr' id='par_1_20' title="bbox 374 3748 827 4006">
     <span class='ocr_line' id='line_1_35' title="bbox 374 3748 827 3832; baseline -0.002 -20"><span class='ocrx_word' id='word_1_122' title='bbox 374 3749 477 3832; x_wconf 85' lang='lat' dir='ltr'>Turpi</span> <span class='ocrx_word' id='word_1_123' title='bbox 495 3749 592 3812; x_wconf 90' lang='lat' dir='ltr'>turba</span> <span class='ocrx_word' id='word_1_124' title='bbox 608 3769 686 3811; x_wconf 88' lang='lat' dir='ltr'>nam</span> <span class='ocrx_word' id='word_1_125' title='bbox 698 3748 827 3812; x_wconf 92' lang='lat' dir='ltr'>velatur</span> 
     </span>
     <span class='ocr_line' id='line_1_36' title="bbox 376 3844 736 3910; baseline 0 -2"><span class='ocrx_word' id='word_1_126' title='bbox 376 3866 413 3909; x_wconf 91' lang='lat' dir='ltr'>ac</span> <span class='ocrx_word' id='word_1_127' title='bbox 431 3867 450 3910; x_wconf 92' lang='lat' dir='ltr'>a</span> <span class='ocrx_word' id='word_1_128' title='bbox 468 3847 552 3910; x_wconf 88' lang='lat' dir='ltr'>Iuda</span> <span class='ocrx_word' id='word_1_129' title='bbox 568 3844 736 3909; x_wconf 92' lang='lat' dir='ltr'>osculatur</span> 
     </span>
     <span class='ocr_line' id='line_1_37' title="bbox 421 3944 803 4006; baseline 0.003 -1"><span class='ocrx_word' id='word_1_130' title='bbox 421 3951 526 4006; x_wconf 86' lang='lat' dir='ltr'>matre</span> <span class='ocrx_word' id='word_1_131' title='bbox 541 3951 657 4005; x_wconf 89' lang='lat' dir='ltr'>sancta</span> <span class='ocrx_word' id='word_1_132' title='bbox 673 3944 803 4006; x_wconf 89' lang='lat' dir='ltr'>nescia:</span> 
     </span>
    </p>
   </div>
   <div class='ocr_carea' id='block_1_18' title="bbox 1271 2087 1285 2151">
    <p class='ocr_par' dir='ltr' id='par_1_21' title="bbox 1271 2087 1285 2151">
     <span class='ocr_line' id='line_1_38' title="bbox 1271 2087 1285 2151; baseline 0 0"><span class='ocrx_word' id='word_1_133' title='bbox 1271 2087 1285 2151; x_wconf 90' lang='grc'><strong><em>5</em></strong></span> 
     </span>
    </p>
   </div>
   <div class='ocr_carea' id='block_1_19' title="bbox 1005 2217 1634 2764">
    <p class='ocr_par' dir='ltr' id='par_1_22' title="bbox 1007 2217 1507 2298">
     <span class='ocr_line' id='line_1_39' title="bbox 1007 2217 1507 2298; baseline 0.002 -18"><span class='ocrx_word' id='word_1_134' title='bbox 1007 2217 1126 2292; x_wconf 87' lang='lat' dir='ltr'>Mater,</span> <span class='ocrx_word' id='word_1_135' title='bbox 1144 2217 1288 2292; x_wconf 86' lang='lat' dir='ltr'>Martha,</span> <span class='ocrx_word' id='word_1_136' title='bbox 1307 2217 1507 2298; x_wconf 87' lang='lat' dir='ltr'>Magdalene</span> 
     </span>
    </p>

    <p class='ocr_par' dir='ltr' id='par_1_23' title="bbox 1006 2313 1455 2493">
     <span class='ocr_line' id='line_1_40' title="bbox 1006 2313 1455 2397; baseline 0.002 -20"><span class='ocrx_word' id='word_1_137' title='bbox 1006 2313 1104 2377; x_wconf 91' lang='lat' dir='ltr'>simul</span> <span class='ocrx_word' id='word_1_138' title='bbox 1120 2323 1239 2397; x_wconf 92' lang='lat' dir='ltr'>petunt</span> <span class='ocrx_word' id='word_1_139' title='bbox 1256 2313 1321 2376; x_wconf 87' lang='lat' dir='ltr'>fide</span> <span class='ocrx_word' id='word_1_140' title='bbox 1337 2316 1455 2396; x_wconf 87' lang='lat' dir='ltr'>plenae</span> 
     </span>
     <span class='ocr_line' id='line_1_41' title="bbox 1050 2409 1325 2493; baseline -0.007 -19"><span class='ocrx_word' id='word_1_141' title='bbox 1050 2412 1134 2474; x_wconf 89' lang='lat' dir='ltr'>atria</span> <span class='ocrx_word' id='word_1_142' title='bbox 1150 2409 1325 2493; x_wconf 67' lang='lat' dir='ltr'>pontificis</span> 
     </span>
    </p>

    <p class='ocr_par' dir='ltr' id='par_1_24' title="bbox 1005 2507 1634 2590">
     <span class='ocr_line' id='line_1_42' title="bbox 1005 2507 1634 2590; baseline 0.002 -19"><span class='ocrx_word' id='word_1_143' title='bbox 1005 2509 1111 2572; x_wconf 89' lang='lat' dir='ltr'>Patris</span> <span class='ocrx_word' id='word_1_144' title='bbox 1127 2507 1295 2590; x_wconf 88' lang='lat' dir='ltr'>Splendor</span> <span class='ocrx_word' id='word_1_145' title='bbox 1311 2530 1378 2590; x_wconf 91' lang='lat' dir='ltr'>quo</span> <span class='ocrx_word' id='word_1_146' title='bbox 1395 2510 1546 2573; x_wconf 91' lang='lat' dir='ltr'>turbatur</span> <span class='ocrx_word' id='word_1_147' title='bbox 1631 2521 1634 2526; x_wconf 87' lang='lat'>&#39;</span> 
     </span>
    </p>

    <p class='ocr_par' dir='ltr' id='par_1_25' title="bbox 1005 2605 1450 2764">
     <span class='ocr_line' id='line_1_43' title="bbox 1005 2605 1450 2669; baseline 0.004 -3"><span class='ocrx_word' id='word_1_148' title='bbox 1005 2607 1106 2668; x_wconf 90' lang='lat' dir='ltr'>rictus</span> <span class='ocrx_word' id='word_1_149' title='bbox 1121 2605 1187 2666; x_wconf 90' lang='lat' dir='ltr'>oris</span> <span class='ocrx_word' id='word_1_150' title='bbox 1202 2607 1450 2669; x_wconf 87' lang='lat' dir='ltr'>demonstratur</span> 
     </span>
     <span class='ocr_line' id='line_1_44' title="bbox 1049 2701 1334 2764; baseline 0.004 -1"><span class='ocrx_word' id='word_1_151' title='bbox 1049 2702 1185 2764; x_wconf 90' lang='lat' dir='ltr'>artubus</span> <span class='ocrx_word' id='word_1_152' title='bbox 1200 2701 1334 2764; x_wconf 87' lang='lat' dir='ltr'>deificis.</span> 
     </span>
    </p>
   </div>
   <div class='ocr_carea' id='block_1_20' title="bbox 1264 2845 1285 2906">
    <p class='ocr_par' dir='ltr' id='par_1_26' title="bbox 1264 2845 1285 2906">
     <span class='ocr_line' id='line_1_45' title="bbox 1264 2845 1285 2906; baseline 0 0"><span class='ocrx_word' id='word_1_153' title='bbox 1264 2845 1285 2906; x_wconf 92' lang='lat'><strong>6</strong></span> 
     </span>
    </p>
   </div>
   <div class='ocr_carea' id='block_1_21' title="bbox 1001 2982 1561 3548">
    <p class='ocr_par' dir='ltr' id='par_1_27' title="bbox 1001 2982 1561 3548">
     <span class='ocr_line' id='line_1_46' title="bbox 1002 2982 1456 3064; baseline -0.007 -17"><span class='ocrx_word' id='word_1_154' title='bbox 1002 2982 1128 3047; x_wconf 89' lang='lat' dir='ltr'>Sancta</span> <span class='ocrx_word' id='word_1_155' title='bbox 1144 2983 1257 3046; x_wconf 87' lang='lat' dir='ltr'>cervix</span> <span class='ocrx_word' id='word_1_156' title='bbox 1273 2982 1456 3064; x_wconf 88' lang='lat' dir='ltr'>castigatur</span> 
     </span>
     <span class='ocr_line' id='line_1_47' title="bbox 1003 3077 1417 3160; baseline -0.002 -19"><span class='ocrx_word' id='word_1_157' title='bbox 1003 3089 1039 3141; x_wconf 92' lang='lat' dir='ltr'>ut</span> <span class='ocrx_word' id='word_1_158' title='bbox 1055 3087 1210 3160; x_wconf 89' lang='lat' dir='ltr'>peccator</span> <span class='ocrx_word' id='word_1_159' title='bbox 1226 3077 1417 3154; x_wconf 88' lang='lat' dir='ltr'>redimatur,</span> 
     </span>
     <span class='ocr_line' id='line_1_48' title="bbox 1040 3174 1456 3256; baseline -0.002 -19"><span class='ocrx_word' id='word_1_160' title='bbox 1040 3174 1158 3256; x_wconf 86' lang='lat' dir='ltr'>culpae</span> <span class='ocrx_word' id='word_1_161' title='bbox 1175 3175 1280 3256; x_wconf 89' lang='lat' dir='ltr'>ruptis</span> <span class='ocrx_word' id='word_1_162' title='bbox 1297 3175 1435 3236; x_wconf 90' lang='lat' dir='ltr'>vinculis</span> <span class='ocrx_word' id='word_1_163' title='bbox 1450 3195 1456 3251; x_wconf 92' lang='lat'>;</span> 
     </span>
     <span class='ocr_line' id='line_1_49' title="bbox 1001 3271 1480 3354; baseline -0.004 -19"><span class='ocrx_word' id='word_1_164' title='bbox 1001 3272 1089 3335; x_wconf 89' lang='lat' dir='ltr'>Diva</span> <span class='ocrx_word' id='word_1_165' title='bbox 1107 3271 1218 3335; x_wconf 89' lang='lat' dir='ltr'>Mater</span> <span class='ocrx_word' id='word_1_166' title='bbox 1232 3274 1313 3335; x_wconf 92' lang='lat' dir='ltr'>dum</span> <span class='ocrx_word' id='word_1_167' title='bbox 1332 3274 1480 3354; x_wconf 84' lang='lat' dir='ltr'>respexit</span> 
     </span>
     <span class='ocr_line' id='line_1_50' title="bbox 1001 3369 1561 3450; baseline 0 -20"><span class='ocrx_word' id='word_1_168' title='bbox 1001 3370 1160 3443; x_wconf 90' lang='lat' dir='ltr'>vinctum,</span> <span class='ocrx_word' id='word_1_169' title='bbox 1175 3389 1308 3431; x_wconf 88' lang='lat' dir='ltr'>caesum</span> <span class='ocrx_word' id='word_1_170' title='bbox 1325 3389 1425 3450; x_wconf 88' lang='lat' dir='ltr'>quem</span> <span class='ocrx_word' id='word_1_171' title='bbox 1442 3369 1561 3432; x_wconf 87' lang='lat' dir='ltr'>dilexit</span> 
     </span>
     <span class='ocr_line' id='line_1_51' title="bbox 1043 3467 1440 3548; baseline -0.003 -20"><span class='ocrx_word' id='word_1_172' title='bbox 1043 3487 1081 3528; x_wconf 88' lang='lat' dir='ltr'>ac</span> <span class='ocrx_word' id='word_1_173' title='bbox 1098 3475 1267 3546; x_wconf 88' lang='lat' dir='ltr'>turpatum</span> <span class='ocrx_word' id='word_1_174' title='bbox 1286 3467 1440 3548; x_wconf 90' lang='lat' dir='ltr'>sputulis‚</span> 
     </span>
    </p>
   </div>
   <div class='ocr_carea' id='block_1_22' title="bbox 1263 3625 1282 3688">
    <p class='ocr_par' dir='ltr' id='par_1_28' title="bbox 1263 3625 1282 3688">
     <span class='ocr_line' id='line_1_52' title="bbox 1263 3625 1282 3688; baseline 0 0"><span class='ocrx_word' id='word_1_175' title='bbox 1263 3625 1282 3688; x_wconf 94' lang='lat'><em>7</em></span> 
     </span>
    </p>
   </div>
   <div class='ocr_carea' id='block_1_23' title="bbox 1002 3747 1501 4024">
    <p class='ocr_par' dir='ltr' id='par_1_29' title="bbox 1002 3747 1501 4024">
     <span class='ocr_line' id='line_1_53' title="bbox 1002 3747 1482 3830; baseline -0.004 -18"><span class='ocrx_word' id='word_1_176' title='bbox 1002 3748 1123 3824; x_wconf 88' lang='lat' dir='ltr'>Gemit,</span> <span class='ocrx_word' id='word_1_177' title='bbox 1140 3747 1269 3829; x_wconf 86' lang='lat' dir='ltr'>plangit</span> <span class='ocrx_word' id='word_1_178' title='bbox 1286 3767 1458 3830; x_wconf 81' lang='lat' dir='ltr'>peramara</span> <span class='ocrx_word' id='word_1_179' title='bbox 1474 3770 1482 3827; x_wconf 93' lang='lat'>;</span> 
     </span>
     <span class='ocr_line' id='line_1_54' title="bbox 1006 3844 1428 3928; baseline 0 -20"><span class='ocrx_word' id='word_1_180' title='bbox 1006 3844 1132 3908; x_wconf 90' lang='lat' dir='ltr'>malens</span> <span class='ocrx_word' id='word_1_181' title='bbox 1149 3844 1236 3908; x_wconf 91' lang='lat' dir='ltr'>Caro</span> <span class='ocrx_word' id='word_1_182' title='bbox 1251 3864 1428 3928; x_wconf 88' lang='lat' dir='ltr'>properare</span> 
     </span>
     <span class='ocr_line' id='line_1_55' title="bbox 1048 3941 1501 4024; baseline 0.002 -22"><span class='ocrx_word' id='word_1_183' title='bbox 1048 3941 1163 4022; x_wconf 91' lang='lat' dir='ltr'>nequit</span> <span class='ocrx_word' id='word_1_184' title='bbox 1179 3961 1259 4023; x_wconf 92' lang='lat' dir='ltr'>prae</span> <span class='ocrx_word' id='word_1_185' title='bbox 1274 3941 1501 4024; x_wconf 93' lang='lat' dir='ltr'>complicibus,</span> 
     </span>
    </p>
   </div>
   <div class='ocr_carea' id='block_1_24' title="bbox 336 4036 1505 4121">
    <p class='ocr_par' dir='ltr' id='par_1_30' title="bbox 336 4036 1505 4121">
     <span class='ocr_line' id='line_1_56' title="bbox 336 4036 1505 4121; baseline -0.002 -19"><span class='ocrx_word' id='word_1_186' title='bbox 336 4040 524 4121; x_wconf 89' lang='lat' dir='ltr'>Redempta</span> <span class='ocrx_word' id='word_1_187' title='bbox 537 4060 619 4102; x_wconf 92' lang='lat' dir='ltr'>mox</span> <span class='ocrx_word' id='word_1_188' title='bbox 635 4039 801 4102; x_wconf 89' lang='lat' dir='ltr'>lohannes</span> <span class='ocrx_word' id='word_1_189' title='bbox 817 4040 958 4102; x_wconf 86' lang='lat' dir='ltr'>sindone</span> <span class='ocrx_word' id='word_1_190' title='bbox 1003 4037 1118 4101; x_wconf 85' lang='lat' dir='ltr'>Crucis</span> <span class='ocrx_word' id='word_1_191' title='bbox 1136 4037 1234 4100; x_wconf 91' lang='lat' dir='ltr'>morti</span> <span class='ocrx_word' id='word_1_192' title='bbox 1251 4037 1332 4100; x_wconf 93' lang='lat' dir='ltr'>dum</span> <span class='ocrx_word' id='word_1_193' title='bbox 1350 4036 1505 4101; x_wconf 89' lang='lat' dir='ltr'>addictus</span> 
     </span>
    </p>
   </div>
   <div class='ocr_carea' id='block_1_25' title="bbox 334 4135 817 4295">
    <p class='ocr_par' dir='ltr' id='par_1_31' title="bbox 334 4135 817 4295">
     <span class='ocr_line' id='line_1_57' title="bbox 334 4135 817 4217; baseline 0 -19"><span class='ocrx_word' id='word_1_194' title='bbox 334 4135 531 4199; x_wconf 88' lang='lat' dir='ltr'>Bethaniam</span> <span class='ocrx_word' id='word_1_195' title='bbox 548 4135 652 4198; x_wconf 90' lang='lat' dir='ltr'>adivit</span> <span class='ocrx_word' id='word_1_196' title='bbox 669 4155 817 4217; x_wconf 89' lang='lat' dir='ltr'>propere,</span> 
     </span>
     <span class='ocr_line' id='line_1_58' title="bbox 419 4231 789 4295; baseline -0.003 -1"><span class='ocrx_word' id='word_1_197' title='bbox 419 4231 529 4295; x_wconf 85' lang='lat' dir='ltr'>flenda</span> <span class='ocrx_word' id='word_1_198' title='bbox 545 4251 631 4294; x_wconf 90' lang='lat' dir='ltr'>nova</span> <span class='ocrx_word' id='word_1_199' title='bbox 648 4231 789 4294; x_wconf 90' lang='lat' dir='ltr'>nuntiat.</span> 
     </span>
    </p>
   </div>
   <div class='ocr_carea' id='block_1_26' title="bbox 375 4391 814 4594">
    <p class='ocr_par' dir='ltr' id='par_1_32' title="bbox 375 4391 814 4594">
     <span class='ocr_line' id='line_1_59' title="bbox 634 4391 656 4451; baseline 0 0"><span class='ocrx_word' id='word_1_200' title='bbox 634 4391 656 4451; x_wconf 89' lang='lat'>4</span> 
     </span>
     <span class='ocr_line' id='line_1_60' title="bbox 375 4513 814 4594; baseline -0.005 -16"><span class='ocrx_word' id='word_1_201' title='bbox 375 4513 486 4578; x_wconf 90' lang='lat' dir='ltr'>Corda</span> <span class='ocrx_word' id='word_1_202' title='bbox 502 4513 601 4577; x_wconf 88' lang='lat' dir='ltr'>simul</span> <span class='ocrx_word' id='word_1_203' title='bbox 618 4513 814 4594; x_wconf 90' lang='lat' dir='ltr'>quatiuntur</span> 
     </span>
    </p>
   </div>
   <div class='ocr_carea' id='block_1_27' title="bbox 1004 4133 1557 4293">
    <p class='ocr_par' dir='ltr' id='par_1_33' title="bbox 1004 4133 1557 4293">
     <span class='ocr_line' id='line_1_61' title="bbox 1004 4133 1557 4215; baseline -0.004 -17"><span class='ocrx_word' id='word_1_204' title='bbox 1004 4133 1164 4210; x_wconf 88' lang='lat' dir='ltr'>Christus,</span> <span class='ocrx_word' id='word_1_205' title='bbox 1180 4134 1335 4215; x_wconf 90' lang='lat' dir='ltr'>princeps</span> <span class='ocrx_word' id='word_1_206' title='bbox 1350 4133 1557 4211; x_wconf 90' lang='lat' dir='ltr'>benedictus,</span> 
     </span>
     <span class='ocr_line' id='line_1_62' title="bbox 1049 4229 1394 4293; baseline 0.003 -1"><span class='ocrx_word' id='word_1_207' title='bbox 1049 4231 1119 4292; x_wconf 86' lang='lat' dir='ltr'>exit</span> <span class='ocrx_word' id='word_1_208' title='bbox 1135 4230 1240 4292; x_wconf 88' lang='lat' dir='ltr'>crucis</span> <span class='ocrx_word' id='word_1_209' title='bbox 1256 4229 1394 4293; x_wconf 89' lang='lat' dir='ltr'>baiulus.</span> 
     </span>
    </p>
   </div>
   <div class='ocr_carea' id='block_1_28' title="bbox 1266 4371 1285 4433">
    <p class='ocr_par' dir='ltr' id='par_1_34' title="bbox 1266 4371 1285 4433">
     <span class='ocr_line' id='line_1_63' title="bbox 1266 4371 1285 4433; baseline 0 0"><span class='ocrx_word' id='word_1_210' title='bbox 1266 4371 1285 4433; x_wconf 90' lang='lat'>8</span> 
     </span>
    </p>
   </div>
   <div class='ocr_carea' id='block_1_29' title="bbox 1004 4511 1491 4596">
    <p class='ocr_par' dir='ltr' id='par_1_35' title="bbox 1004 4511 1491 4596">
     <span class='ocr_line' id='line_1_64' title="bbox 1004 4511 1491 4596; baseline -0.006 -20"><span class='ocrx_word' id='word_1_211' title='bbox 1004 4513 1070 4596; x_wconf 88' lang='lat' dir='ltr'>Qui</span> <span class='ocrx_word' id='word_1_212' title='bbox 1087 4512 1167 4576; x_wconf 92' lang='lat' dir='ltr'>dum</span> <span class='ocrx_word' id='word_1_213' title='bbox 1185 4519 1325 4574; x_wconf 92' lang='lat' dir='ltr'>matrem</span> <span class='ocrx_word' id='word_1_214' title='bbox 1343 4511 1491 4574; x_wconf 93' lang='lat' dir='ltr'>intuetur</span> 
     </span>
    </p>
   </div>
   <div class='ocr_carea' id='block_1_30' title="bbox 374 4609 1374 4692">
    <p class='ocr_par' dir='ltr' id='par_1_36' title="bbox 374 4609 1374 4692">
     <span class='ocr_line' id='line_1_65' title="bbox 374 4609 1374 4692; baseline -0.002 -20"><span class='ocrx_word' id='word_1_215' title='bbox 374 4609 456 4673; x_wconf 91' lang='lat' dir='ltr'>haec</span> <span class='ocrx_word' id='word_1_216' title='bbox 472 4609 637 4674; x_wconf 89' lang='lat' dir='ltr'>horrenda</span> <span class='ocrx_word' id='word_1_217' title='bbox 652 4611 732 4673; x_wconf 91' lang='lat' dir='ltr'>dum</span> <span class='ocrx_word' id='word_1_218' title='bbox 751 4611 963 4692; x_wconf 87' lang='lat' dir='ltr'>panduntur:</span> <span class='ocrx_word' id='word_1_219' title='bbox 1007 4630 1045 4673; x_wconf 91' lang='lat' dir='ltr'>ac</span> <span class='ocrx_word' id='word_1_220' title='bbox 1063 4609 1183 4691; x_wconf 91' lang='lat' dir='ltr'>pudice</span> <span class='ocrx_word' id='word_1_221' title='bbox 1199 4617 1374 4684; x_wconf 91' lang='lat' dir='ltr'>reveretur,</span> 
     </span>
    </p>
   </div>
   <div class='ocr_carea' id='block_1_31' title="bbox 419 4705 838 5059">
    <p class='ocr_par' dir='ltr' id='par_1_37' title="bbox 419 4705 838 5059">
     <span class='ocr_line' id='line_1_66' title="bbox 419 4705 838 4788; baseline 0.002 -20"><span class='ocrx_word' id='word_1_222' title='bbox 419 4725 506 4788; x_wconf 87' lang='lat' dir='ltr'>agon</span> <span class='ocrx_word' id='word_1_223' title='bbox 524 4705 642 4787; x_wconf 87' lang='lat' dir='ltr'>ingens</span> <span class='ocrx_word' id='word_1_224' title='bbox 658 4715 815 4788; x_wconf 86' lang='lat' dir='ltr'>properat</span> <span class='ocrx_word' id='word_1_225' title='bbox 830 4727 838 4785; x_wconf 92' lang='lat'>;</span> 
     </span>
     <span class='ocr_line' id='line_1_67' title="bbox 422 4802 750 4879; baseline 0.003 -15"><span class='ocrx_word' id='word_1_226' title='bbox 422 4802 593 4865; x_wconf 91' lang='lat' dir='ltr'>Deitatem</span> <span class='ocrx_word' id='word_1_227' title='bbox 610 4802 750 4879; x_wconf 89' lang='lat' dir='ltr'>vanitas,</span> 
     </span>
     <span class='ocr_line' id='line_1_68' title="bbox 423 4897 809 4977; baseline 0.003 -17"><span class='ocrx_word' id='word_1_228' title='bbox 423 4897 539 4960; x_wconf 91' lang='lat' dir='ltr'>mitem</span> <span class='ocrx_word' id='word_1_229' title='bbox 556 4897 669 4961; x_wconf 90' lang='lat' dir='ltr'>turbat</span> <span class='ocrx_word' id='word_1_230' title='bbox 685 4898 809 4977; x_wconf 79' lang='lat' dir='ltr'>feritas,</span> 
     </span>
     <span class='ocr_line' id='line_1_69' title="bbox 423 4991 795 5059; baseline 0.011 -4"><span class='ocrx_word' id='word_1_231' title='bbox 423 4991 526 5056; x_wconf 86' lang='lat' dir='ltr'>ferme</span> <span class='ocrx_word' id='word_1_232' title='bbox 544 4991 626 5058; x_wconf 87' lang='lat' dir='ltr'>fides</span> <span class='ocrx_word' id='word_1_233' title='bbox 642 4994 795 5059; x_wconf 88' lang='lat' dir='ltr'>haesitat.</span> 
     </span>
    </p>
   </div>
   <div class='ocr_carea' id='block_1_32' title="bbox 1010 4703 1505 5076">
    <p class='ocr_par' dir='ltr' id='par_1_38' title="bbox 1010 4703 1505 5076">
     <span class='ocr_line' id='line_1_70' title="bbox 1051 4703 1375 4780; baseline -0.012 -12"><span class='ocrx_word' id='word_1_234' title='bbox 1051 4705 1141 4768; x_wconf 90' lang='lat' dir='ltr'>cadit</span> <span class='ocrx_word' id='word_1_235' title='bbox 1158 4703 1241 4767; x_wconf 87' lang='lat' dir='ltr'>t&#39;acie</span> <span class='ocrx_word' id='word_1_236' title='bbox 1257 4711 1354 4767; x_wconf 90' lang='lat' dir='ltr'>tenus</span> <span class='ocrx_word' id='word_1_237' title='bbox 1368 4724 1375 4780; x_wconf 93' lang='lat'>;</span> 
     </span>
     <span class='ocr_line' id='line_1_71' title="bbox 1010 4798 1505 4882; baseline -0.008 -18"><span class='ocrx_word' id='word_1_238' title='bbox 1010 4801 1098 4864; x_wconf 93' lang='lat' dir='ltr'>Nam</span> <span class='ocrx_word' id='word_1_239' title='bbox 1117 4798 1256 4882; x_wconf 81' lang='lat' dir='ltr'>flagellis</span> <span class='ocrx_word' id='word_1_240' title='bbox 1273 4807 1505 4876; x_wconf 90' lang='lat' dir='ltr'>tormentatus,</span> 
     </span>
     <span class='ocr_line' id='line_1_72' title="bbox 1010 4895 1404 4976; baseline -0.013 -15"><span class='ocrx_word' id='word_1_241' title='bbox 1010 4907 1118 4974; x_wconf 91' lang='lat' dir='ltr'>nocte,</span> <span class='ocrx_word' id='word_1_242' title='bbox 1133 4897 1196 4972; x_wconf 89' lang='lat' dir='ltr'>die,</span> <span class='ocrx_word' id='word_1_243' title='bbox 1211 4895 1404 4976; x_wconf 87' lang='lat' dir='ltr'>castigatus,</span> 
     </span>
     <span class='ocr_line' id='line_1_73' title="bbox 1052 4989 1424 5076; baseline -0.008 -19"><span class='ocrx_word' id='word_1_244' title='bbox 1052 5013 1174 5076; x_wconf 85' lang='lat' dir='ltr'>expers</span> <span class='ocrx_word' id='word_1_245' title='bbox 1190 4999 1241 5055; x_wconf 89' lang='lat' dir='ltr'>est</span> <span class='ocrx_word' id='word_1_246' title='bbox 1256 5011 1276 5054; x_wconf 88' lang='lat' dir='ltr'>a</span> <span class='ocrx_word' id='word_1_247' title='bbox 1292 4989 1424 5054; x_wconf 77' lang='lat' dir='ltr'>viribus</span> 
     </span>
    </p>
   </div>
   <div class='ocr_carea' id='block_1_33' title="bbox 0 0 2056 5792">
    <p class='ocr_par' dir='ltr' id='par_1_39' title="bbox 0 0 2056 5792">
     <span class='ocr_line' id='line_1_74' title="bbox 0 0 2056 5792; baseline 0 8"><span class='ocrx_word' id='word_1_248' title='bbox 0 0 2056 5792; x_wconf 95' lang='lat' dir='ltr'> </span> 
     </span>
    </p>
   </div>
  </div>
 </body>
</html>
