4102 5792
654 543 796 594 PROSAE
823 539 1026 592 ECCLESIAE
1054 537 1273 588 LVBICENSIS

1519 536 1591 609 425

373 737 389 792 3
401 740 421 778 a
451 733 494 778 est
507 711 631 793 nianque
643 721 715 776 dans
729 720 868 788 Lubicen,
882 729 925 773 est
936 716 1096 772 necessaire
1108 730 1145 768 au
1158 714 1277 783 rythme.

373 819 389 869 4
402 820 421 858 a
451 803 534 858 stella
546 800 686 856 matutina
700 800 837 868 Lubt'cen,
850 796 991 853 contraire
1003 797 1021 850 a
1034 795 1060 850 la
1074 795 1152 849 rime.

401 1001 481 1136 298.
521 1043 596 1116 DE
625 1039 848 1115 VlGlNTl
881 1037 1149 1134 QVATVOR
1178 1035 1532 1112 SENIORlBVS.

649 1273 660 1317 1

384 1363 504 1430 Omnis
519 1363 622 1425 homo
638 1360 754 1425 laudes
770 1369 907 1444 pangat,

382 1459 443 1523 hac
460 1459 492 1521 in
509 1458 613 1521 domo
630 1476 729 1520 nemo
751 1455 883 1539 lrangat

425 1554 533 1616 laudis
550 1553 799 1635 personantiam
816 1573 823 1628 余

384 1649 520 1712 Mundis
537 1648 646 1711 modis
662 1667 700 1710 ac
717 1647 869 1710 discretis

383 1753 481 1808 canat
498 1744 560 1806 rite
576 1743 647 1806 sine
665 1743 762 1806 metis

425 1839 554 1903 decoris
570 1837 786 1920 fragrantiam
805 1859 811 1912 余

645 1951 663 1996 2

386 2031 460 2114 Qua
477 2031 634 2093 luxerunt
652 2029 725 2092 nisu
742 2037 815 2092 toto

385 2127 443 2190 viri
460 2126 567 2190 sancti
585 2123 658 2203 lide,
674 2135 762 2202 v0t0,

426 2232 545 2305 quater
560 2221 631 2284 seni
648 2241 810 2303 proceres,

386 2317 487 2383 Grate
504 2316 656 2381 Christus
673 2335 756 2398 quos
772 2315 872 2398 elegit

385 2414 481 2478 donis
498 2412 621 2476 sanctis
638 2411 718 2474 dum
735 2411 914 2493 compegit,

427 2508 489 2571 toti
505 2507 577 2570 orbi
594 2507 747 2569 celebres.

386 2699 509 2762 Noster
524 2697 605 2762 olim
623 2698 796 2774 incolatus,

385 2795 586 2879 (animarum
603 2794 683 2857 dum
701 2803 811 2856 reatus

429 2892 537 2956 stabat
554 2891 585 2952 in
606 2889 777 2972 periculo)

387 2987 501 3070 Culpis
520 2990 641 3051 nostris
657 2996 708 3050 est
724 2997 909 3070 prostratus

388 3084 463 3148 Rex
481 3104 541 3166 pro
558 3084 654 3146 nobis
671 3082 773 3146 homo
790 3093 888 3146 natus

429 3181 533 3244 crucis
549 3181 581 3243 in
599 3181 758 3262 patibulo.

645 3297 667 3356 4

516 3372 679 3455 Quidum
698 3393 836 3456 surgens

516 3487 627 3531 morsu
647 3488 768 3550 urgens

429 3563 607 3626 inferorum
626 3565 767 3640 moenia,

517 3658 636 3724 Caelos
652 3660 793 3737 scandit,

517 3756 578 3818 iter
594 3756 712 3836 pandit

429 3859 562 3932 tergens
579 3859 693 3913 nostra
708 3851 856 3915 crimina.

387 4040 553 4105 Dextram
571 4042 677 4105 Patris
694 4044 815 4104 summi
833 4051 950 4104 tenens

430 4136 569 4200 dulciori
586 4135 699 4214 iubilo,

386 4233 485 4297 Votis
502 4233 581 4296 ratis
600 4232 686 4296 Suos
703 4251 820 4313 regens

429 4328 492 4391 hoc
509 4328 542 4391 in
558 4327 639 4390 orbe
656 4327 771 4390 nubilo
785 4349 792 4404 余

388 4519 476 4583 Hinc
493 4520 525 4581 in
544 4517 705 4581 Pathmos
720 4518 801 4581 dum
820 4520 931 4582 illuxit

386 4635 462 4678 caro
479 4614 559 4690 Suo,
574 4614 662 4676 hunc
683 4614 842 4677 instruxit

427 4712 468 4772 de
485 4709 604 4773 futuris
620 4709 772 4786 statibus,

385 4804 503 4869 Girant
520 4803 677 4867 thronum
695 4813 774 4866 tunc
791 4806 939 4870 sedentis

386 4909 503 4983 quater
519 4901 589 4962 seni
607 4919 720 4962 sacrae
736 4903 856 4982 gentis,

429 4995 549 5059 iunctis
566 4993 774 5058 animalibus.

1275 1269 1293 1333 7

1014 1360 1136 1442 Agnus
1154 1359 1216 1422 Dei
1234 1359 1287 1422 hic
1304 1359 1433 1422 occisus

1016 1465 1066 1520 est
1083 1455 1271 1538 praeclarus
1288 1454 1332 1517 ibi
1348 1455 1438 1518 visus

1057 1560 1184 1634 septem
1202 1551 1329 1614 habens
1346 1571 1479 1626 cornua,

1014 1647 1048 1709 Is
1064 1668 1083 1709 a
1098 1647 1226 1710 cunctis
1242 1647 1408 1724 adoratur,

1014 1741 1104 1805 flexo
1120 1741 1221 1804 corde
1237 1751 1420 1824 veneratur,

1055 1846 1182 1918 septem
1200 1856 1318 1919 gerens
1336 1837 1471 1902 lumina.

1274 1965 1292 2025 8

1015 2065 1076 2130 Cui
1090 2066 1213 2130 dantur
1230 2068 1365 2131 reserari

1013 2171 1047 2225 et
1063 2161 1095 2224 in
1113 2161 1193 2225 orbe
1209 2164 1392 2244 praedicari

1014 2266 1152 2339 septena
1169 2257 1222 2320 hic
1238 2258 1421 2340 signacula,

1016 2352 1082 2416 Hic
1098 2352 1207 2416 effecit
1224 2373 1284 2417 nos
1302 2355 1429 2436 regales

1014 2447 1142 2512 delubri
1159 2450 1392 2528 sacerdotales,

1013 2543 1211 2608 collustrans
1228 2547 1337 2609 cordis
1353 2546 1449 2609 invia.

1147 2761 1199 2824 En
1217 2675 1313 2825 elec9ti

1146 2865 1241 2920 stant
1257 2857 1394 2940 perfecti

1060 2951 1195 3015 citharis
1211 2962 1244 3018 et
1261 2953 1390 3036 phialis,

1147 3049 1315 3125 macerati,

1145 3144 1310 3225 castigati,

1015 3247 1088 3302 toto
1103 3240 1204 3302 corde
1220 3239 1418 3302 inflammati

1059 3334 1207 3398 caritatis
1223 3335 1338 3398 iaculis
1354 3357 1361 3414 余

1149 3431 1197 3494 Ut
1214 3431 1355 3494 adorent

1148 3536 1180 3588 et
1198 3535 1340 3590 exorent

1061 3644 1120 3705 pro
1137 3625 1275 3686 terrenis
1293 3624 1429 3701 miseris,

1148 3728 1184 3783 ut
1200 3719 1358 3784 admittat

1148 3825 1181 3878 et
1197 3825 1351 3896 acceptat

1147 3919 1308 3992 tanquam
1325 3922 1459 3993 gratum

1147 4015 1296 4069 nostrum
1314 4005 1429 4070 flatum

1062 4104 1144 4166 sacri
1162 4101 1372 4165 adoraminis.

1269 4233 1308 4282 to

1021 4329 1051 4394 O
1068 4329 1163 4392 electi
1180 4338 1214 4393 et
1230 4330 1328 4406 beati,

1018 4425 1182 4488 tonsurati
1199 4445 1238 4487 ac
1253 4427 1387 4503 comati,

1015 4540 1102 4583 nunc
1119 4530 1151 4583 et
1167 4541 1298 4602 semper
1315 4519 1449 4585 Christo
1465 4525 1550 4604 grati

1018 4617 1121 4678 simus
1137 4615 1232 4678 vobis
1247 4619 1484 4694 commendati,

1016 4710 1065 4774 Ut
1083 4710 1244 4774 laetanter
1259 4731 1445 4792 operemur,

1017 4806 1226 4870 exsultantes
1241 4827 1446 4885 veneremur,

1017 4903 1156 4964 caritate
1171 4903 1419 4984 protendemur,

1017 5016 1056 5059 ac
1074 4995 1244 5060 vobiscum
1263 4997 1476 5079 gratulemur.
