4094 5796
779 513 921 568 Pnosna
950 512 1153 564 ECCLESIAE
1179 513 1468 568 ANDEGAVENSIS

700 729 757 802 37.
790 707 865 782 os
895 708 1123 787 sanent
1153 708 1527 786 nnnonna‘rn.

792 903 804 950 1

529 1007 662 1072 Laudes
678 1008 798 1090 dignas
814 1007 1018 1087 attollamus,

527 1104 621 1168 cuius
637 1103 759 1167 festum
776 1103 993 1182 celebramus,

615 1201 827 1284 Margaretae
844 1202 988 1286 virginis.

790 1331 809 1377 2

529 1425 688 1489 Praesens
705 1435 819 1489 coetus
836 1426 944 1490 laetus
959 1436 1043 1504 esto,

528 1521 634 1585 multa
650 1531 787 1604 crepent
804 1521 836 1584 in
853 1521 916 1584 hoc
933 1521 1020 1585 festo

614 1637 741 1700 organa
758 1636 833 1680 cum
850 1620 1031 1700 tympanis.

528 1714 639 1778 Docta
657 1732 775 1776 manus
791 1713 897 1796 lyram
915 1723 1042 1795 tangat,

527 1817 560 1872 et
576 1809 767 1873 conflictum
785 1809 899 1890 lingua
916 1818 1043 1891 pangat

612 1903 778 1986 gloriosae
794 1904 951 1986 Virginis

789 2037 806 2100 3

526 2135 604 2200 Non
621 2145 671 2198 est
687 2137 776 2198 victa
791 2137 871 2198 dum
890 2139 1036 2218 punitur,

524 2232 593 2294 imo
611 2231 714 2294 vincit
730 2241 763 2294 et
779 2233 908 2312 potitur

612 2325 725 2388 laurea
741 2327 942 2390 certaminis,

482 2423 567 2489 Cum
580 2423 718 2486 nutricis
734 2423 820 2486 hanc
833 2424 950 2486 videns
966 2425 1093 2502 ovibus,

482 2520 562 2584 dum
578 2519 742 2594 transiret,
755 2517 898 2582 formam
912 2519 1060 2583 Olibrius

613 2613 803 2696 concupivit
819 2614 965 2696 virginis.

788 2753 811 2810 4

524 2849 581 2915 Ad
598 2871 634 2913 se
650 2871 730 2934 ergo
746 2851 924 2914 accersitur

524 2957 557 3012 et
573 2947 615 3012 de
632 2947 697 3012 tide
713 2949 908 3012 convenitur

569 3051 602 3104 et
617 3044 713 3106 cuius
729 3045 772 3108 sit
787 3045 918 3125 generis
935 3065 942 3120 ;

524 3135 706 3219 Postquam
725 3138 806 3202 fides
824 3140 933 3220 patuit

521 3230 608 3296 hanc
625 3235 781 3298 seductor
798 3237 915 3298 statuit

566 3328 699 3392 vincere
715 3329 896 3394 blanditiis.

787 3455 802 3522 5

524 3561 601 3645 Qua
617 3563 698 3626 dum
716 3564 769 3627 via
786 3583 852 3627 non
870 3565 1029 3646 procedit,

523 3679 678 3741 superare
694 3660 801 3722 saevis
817 3661 922 3722 credit

610 3755 729 3818 saltem
746 3755 957 3819 cruciatibus

523 3850 621 3912 Iubet
638 3870 719 3931 ergo
736 3859 772 3913 ut
789 3853 949 3914 caedatur

521 3955 563 4020 et,
581 3946 613 4007 ni
630 3945 737 4035 cedat,
754 3947 957 4009 accendatur

609 4042 718 4106 fluidis
735 4043 955 4126 lampadibus.

781 4165 802 4226 6

608 4287 713 4369 Virgo
729 4307 826 4350 verae
844 4286 918 4351 fidei

598 4393 668 4448 ‘nec
684 4387 794 4466 virgis,
811 4406 871 4448 nec
888 4385 969 4448 olei.

692 4481 818 4543 fervore
834 4482 1049 4544 convincitur.

1159 889 1226 956 Sed
1243 909 1319 953 cum
1337 891 1445 972 magis
1461 899 1671 974 angustatur,

1157 987 1243 1052 sicut
1259 1005 1376 1050 aurum
1393 986 1474 1050 dum
1491 985 1662 1068 probatur,

1244 1081 1363 1146 clarior
1379 1080 1528 1147 efficitur.

1423 1273 1442 1338 7

1161 1441 1286 1526 Ungue
1302 1463 1402 1508 saevo
1418 1441 1573 1520 lacerata,

1160 1539 1193 1601 in
1209 1559 1267 1602 vas
1284 1559 1392 1622 aquae
1407 1537 1544 1621 plenum
1561 1545 1666 1602 strata

1247 1645 1324 1717 post
1340 1655 1375 1696 se
1392 1634 1490 1710 victa,

1246 1731 1304 1794 sed
1322 1730 1436 1792 relicta

1202 1834 1253 1888 est
1269 1845 1289 1887 a
1306 1823 1410 1888 fundo
1427 1824 1529 1888 libera

1160 1919 1330 1984 Devorata
1346 1942 1366 1984 a
1382 1929 1536 2004 serpente

1156 2037 1257 2098 quam
1275 2018 1442 2081 constanti
1459 2025 1529 2080 erat
1547 2021 1661 2080 mente

1157 2113 1216 2175 dat
1231 2114 1378 2194 agnosci,
1394 2114 1475 2176 dum
1493 2121 1630 2194 repente

1202 2209 1325 2288 rumpit
1343 2208 1418 2270 imis
1434 2209 1569 2271 viscera.

1421 2399 1440 2459 8

1160 2579 1325 2661 Insignita
1342 2599 1438 2642 cruce
1454 2587 1571 2640 sancta

1158 2685 1400 2738 tormentorum
1417 2683 1468 2738 tot
1485 2683 1518 2738 et
1534 2681 1631 2737 tanta

1158 2793 1256 2855 passa
1272 2773 1418 2847 demum,
1434 2773 1565 2834 hostem
1583 2769 1700 2852 planta

1243 2889 1379 2932 saevum
1396 2869 1503 2930 calcat
1520 2875 1643 2930 tenera.

1160 2965 1271 3029 Huius
1288 2967 1395 3027 minas
1411 2973 1655 3028 tormentorum

1158 3082 1224 3124 non
1242 3060 1401 3123 formidat
1417 3081 1474 3122 cor
1489 3059 1641 3134 odorum,

1155 3157 1231 3221 licet
1247 3157 1364 3238 duplet
1380 3156 1587 3218 diversorum

1242 3261 1485 3315 tormentorum
1502 3269 1634 3332 genera.

1413 3453 1435 3514 9

1158 3618 1234 3681 Hac
1251 3619 1283 3681 in
1300 3619 1355 3682 die
1372 3617 1507 3683 Christo
1522 3619 1607 3682 duce

1155 3714 1360 3797 praesignita
1376 3713 1499 3778 Christi
1516 3733 1612 3775 cruce

1157 3809 1244 3871 vitae
1260 3829 1367 3872 vanae
1382 3819 1415 3872 et
1432 3810 1586 3886 caducae,

1154 3905 1242 3968 ensis
1259 3905 1336 3982 ictu,
1352 3907 1395 3969 ab
1411 3906 1474 3969 hac
1490 3907 1564 3968 luce

1241 4002 1397 4082 migravit
1414 4003 1455 4064 ad
1473 4022 1601 4084 supera.

1153 4097 1361 4160 Assistentes
1377 4105 1455 4160 tuae
1471 4097 1572 4174 laudi,

1151 4192 1258 4274 Virgo
1274 4203 1399 4270 sancta,
1415 4213 1528 4256 servos
1544 4193 1634 4270 audi,

1153 4297 1253 4369 atque
1270 4289 1365 4350 nobis
1382 4289 1560 4369 deprecare

1151 4383 1331 4466 posthanc
1347 4383 1450 4448 vitam
1468 4383 1621 4447 exultare

1237 4480 1269 4542 in
1286 4489 1478 4542 sanctorum
1495 4481 1610 4562 gloria.

509 4651 524 4704 7
538 4656 559 4707 g
589 4655 663 4715 quae
675 4639 861 4718 Andegaven.
888 4641 969 4696 Nous
982 4639 1168 4696 retablissons
1181 4657 1267 4718 quam
1281 4639 1392 4716 d'apres
1405 4641 1543 4702 Redoncn.
