4096 5794
472 475 542 548 512
772 473 913 526 PROSAE
943 473 1145 526 ECCLESIAE
1174 473 1421 526 EBROICENSIS

777 666 792 734 5

514 759 675 823 Veritatis
692 759 724 820 in
742 777 923 838 praecones

514 873 606 917 ursos
623 863 717 935 parat
733 861 766 916 et
782 852 895 916 leones

557 951 603 1014 eis
620 949 672 1011 leo
689 949 831 1030 rugiens,

515 1047 581 1112 Sed
599 1055 776 1126 utrumque
794 1044 870 1106 Rex
888 1045 1046 1108 virtutum

513 1161 644 1206 servum
663 1139 734 1205 Sibi
751 1151 860 1204 servat
877 1149 987 1206 tutum

558 1237 642 1302 feras
660 1245 766 1299 morte
784 1233 913 1300 feriens.

776 1344 797 1407 6

510 1445 624 1510 Vincti
642 1445 756 1509 multis
773 1443 984 1507 lacessuntur

511 1565 530 1607 a
547 1541 715 1626 praefecto
731 1549 925 1606 statuuntur

554 1657 667 1701 coram
685 1635 765 1699 solis
782 1645 894 1698 statua
912 1656 918 1711 ;

510 1734 613 1800 Cuius
628 1733 755 1796 cultum
773 1740 966 1812 respuentes

508 1842 541 1896 et
558 1833 591 1893 in
608 1832 713 1912 ipsam
732 1837 936 1910 exspuentes

554 1925 620 1989 fide
635 1932 764 1987 certant
781 1931 924 1986 strenua.

1406 669 1426 735 7

1145 759 1281 822 Pietatis
1299 762 1424 842 praedo
1440 781 1568 828 rursum

1143 854 1201 918 dat
1218 854 1358 933 leonem,
1374 856 1433 920 dat
1450 866 1484 922 et
1500 879 1613 923 ursum

1189 951 1390 1016 devorandis
1406 955 1560 1018 carnibus
1575 978 1583 1034 ;

1146 1045 1213 1110 Sed
1231 1047 1287 1130 qui
1305 1048 1403 1112 mites
1419 1059 1497 1114 sunt
1513 1049 1622 1116 effecti

1148 1141 1383 1222 praeferendos
1400 1165 1419 1206 a
1436 1146 1592 1227 praefecti

1193 1248 1329 1302 tuentur
1346 1240 1538 1306 incursibus.

1409 1347 1427 1409 8

1148 1443 1250 1506 Ferro
1267 1445 1404 1508 tandem
1421 1445 1656 1524 dissolvuntur,

1147 1540 1342 1603 innocentes
1361 1542 1585 1622 provehuntur
1693 1540 1696 1556 '

1190 1635 1232 1697 ad
1251 1635 1413 1699 victorum
1431 1639 1547 1716 aciem,

1144 1729 1232 1793 Vere
1248 1731 1396 1808 vincunt,
1413 1753 1478 1796 non
1498 1735 1673 1798 vincuntur

1144 1829 1245 1890 vitam
1265 1847 1344 1892 nece
1362 1831 1598 1896 nanciscuntur

1189 1943 1256 1985 rem
1275 1944 1343 2004 spe,
1360 1924 1425 1987 fide
1442 1929 1596 2008 speciem.

845 2152 909 2215 His
926 2152 1107 2233 prudenter
1123 2151 1335 2226 instruamur,

843 2247 1024 2310 retinentes
1039 2245 1097 2328 (ne
1113 2246 1298 2328 vincamur)

886 2342 1065 2406 stationem
1083 2338 1159 2404 fidei
1175 2362 1183 2419 ;

843 2435 938 2521 Quos
954 2435 1122 2518 gradatim
1139 2435 1186 2498 sic
1203 2455 1382 2518 sequamur

843 2543 879 2596 ut
895 2552 970 2596 cum
988 2531 1068 2616 ipsis
1085 2550 1273 2594 mereamur

885 2629 927 2692 ad
944 2647 1088 2710 superna
1104 2625 1249 2710 provehi.

506 2791 715 2842 manuscrits.
739 2771 892 2840 vauux:
915 2745 1014 2837 Musee
1027 2781 1063 2836 de
1076 2783 1104 2834 la
1118 2782 1200 2850 Ville,
1218 2775 1266 2852 98,
1291 2783 1389 2838 Missei
1411 2769 1560 2853 d’dvreux,
1581 2789 1627 2838 xv‘
1637 2784 1733 2856 siecle,

468 2865 548 2932 EN,·
580 2881 623 2935 99,
639 2865 738 2922 Missei
752 2851 901 2932 d’livreux,
916 2863 1013 2932 (ayant
1027 2861 1160 2916 autrefois
1171 2873 1329 2932 appartenu
1342 2863 1360 2918 a
1373 2865 1465 2918 Raoul
1479 2863 1516 2918 du
1531 2861 1612 2932 Fou),
1625 2865 1733 2920 xv‘sie-

470 2951 601 3021 uersu.
634 2951 771 3005 nonen:
804 2949 876 3004 Bibl.
891 2949 967 3004 eeu
981 2947 1062 3015 vine,
1077 2961 1137 3015 304,
1154 2948 1252 3002 uisset
1266 2933 1415 3016 aaran,
1429 2948 1582 3018 xeneae,
1596 2949 1661 3003 anf.

507 3088 553 3142 30
581 3073 786 3128 etunumEV.

507 3167 520 3222 5
535 3170 552 3208 c
583 3153 624 3208 eis
637 3163 667 3207 ut
680 3153 725 3208 leo
738 3152 805 3206 EN.
822 3151 849 3204 E
857 3151 883 3205 V.
899 3151 963 3204 RN.
975 3151 1131 3220 Ebroicen,
1144 3166 1208 3206 vers
1222 3150 1295 3205 faux.

716 3433 799 3521 368.
833 3427 908 3500 DE
940 3427 1164 3502 SANCTO
1194 3427 1493 3502 GERMANO.

780 3681 794 3728 1
836 3697 839 3702 .

519 3772 679 3837 Gloriosis
695 3791 771 3834 cum
790 3771 934 3834 modulis

518 3869 736 3932 decantemus
753 3888 840 3930 nunc
856 3866 1018 3949 praesuiis

562 3964 720 4030 Germani
737 3962 923 4045 praeconia,

519 4061 679 4125 Eruditus
696 4059 748 4122 hic
766 4059 884 4123 litteris

517 4155 744 4240 praefecturae
760 4164 832 4218 turn
849 4154 959 4218 liberis

561 4252 648 4316 rexit
665 4249 851 4315 tribunalia.

780 4371 798 4418 2

521 4455 691 4522 Resolutis
707 4454 785 4519 hinc
800 4455 962 4536 temporis

519 4553 638 4620 diebus
654 4571 735 4616 mox
752 4550 926 4614 Amatoris
989 4551 992 4558 “

565 4648 753 4713 Germanus
768 4645 910 4728 eligitur,

522 4745 668 4811 Multum
685 4744 763 4807 licet
778 4742 832 4805 hic
849 4741 1003 4818 renitens,

519 4841 622 4907 invite
637 4847 763 4904 tractus
779 4837 914 4901 relitens

561 4937 603 5002 ad
621 4954 729 4999 arcem
747 4933 927 5018 proiicitur.

1149 3770 1304 3834 Antistes
1319 3772 1400 3834 dum
1410 3681 1589 3834 3ordinatur

1149 3887 1249 3950 quarn
1267 3866 1385 3930 habuit
1401 3875 1557 3948 erogatur

1192 3961 1333 4026 facultas
1349 3961 1552 4044 pauperibus
1567 3984 1575 4040 ;

1148 4059 1179 4122 N
1183 4078 1265 4122 ovus
1282 4058 1415 4141 praesul
1433 4079 1538 4122 novos
1555 4077 1662 4122 mores

1147 4154 1245 4237 cepit,
1262 4153 1452 4218 mundanos
1468 4154 1611 4218 honores

1192 4259 1400 4332 postponens
1416 4249 1623 4315 caelestibus

1408 4373 1430 4434 4

1148 4453 1248 4520 Uxor
1263 4454 1371 4531 datur,
1388 4453 1420 4517 in
1437 4468 1584 4518 sororem

1148 4550 1312 4613 castitatis
1329 4559 1464 4634 propter
1480 4549 1594 4615 florem

1194 4646 1394 4710 servandum
1411 4665 1624 4728 summopere

1150 4741 1312 4824 Sumpsit,
1329 4751 1507 4824 postquam
1524 4741 1726 4823 dignitatem

1148 4837 1235 4901 vitae
1251 4857 1325 4900 raro
1342 4837 1555 4901 sanctitatem

1195 4932 1282 4996 valet
1299 4932 1372 5016 quis
1388 4933 1602 5015 exprimere?
