4096 5794
455 495 527 566 540
750 501 890 551 PROSAE
919 503 1120 553 ECCLESIAE
1148 503 1397 555 LEXOVIENSIS

758 697 780 760 4
1391 688 1409 747 8

543 817 778 902 Triumphales
795 823 915 886 medici
1085 823 1176 887 Dum
1191 833 1357 889 mactatur
1372 823 1616 907 particulariter

541 915 659 979 morbo
675 925 786 979 tentos
802 917 926 1000 duplici
1084 922 1273 1002 partiuntur
1288 920 1438 986 membra
1455 921 1633 1005 pluraliter,

539 1012 641 1075 verbo
657 1022 778 1077 sanant
794 1013 935 1096 simplici
1084 1027 1211 1100 martyr
1226 1017 1345 1081 transit
1361 1019 1420 1081 sed
1437 1017 1674 1099 temporaliter,

583 1107 685 1170 ductu
702 1109 858 1186 caritatis,
1086 1114 1307 1195 resurgendus
1323 1113 1558 1196 potentialiter,

541 1202 671 1286 Corpus
688 1203 880 1269 infestantia
1255 1230 1315 1272 nec
1332 1207 1504 1288 differtur;

539 1308 632 1364 curat
648 1299 728 1363 artis
744 1302 860 1382 gratia,
1083 1304 1273 1368 Destitutus
1296 1305 1404 1370 fratris
1420 1304 1541 1369 solatio

539 1397 661 1458 mentis
679 1394 771 1478 fugat
789 1397 869 1461 vitia
1083 1401 1163 1463 dum
1182 1401 1363 1465 Ravennus
1379 1400 1471 1465 dolet
1488 1399 1660 1484 supplicio,
1713 1400 1718 1410 '

581 1491 685 1555 virtus
701 1493 901 1559 sanctitatis.
1080 1495 1215 1560 fratrem
1233 1497 1334 1574 fratri,
1350 1497 1477 1561 socium
1495 1497 1586 1561 socio

758 1643 773 1710 3
1082 1594 1266 1658 redivivum
1284 1595 1393 1659 reddit
1408 1593 1517 1659 oratio

496 1759 535 1822 In
553 1759 644 1822 dieta
660 1761 865 1826 medicorum
1256 1710 1341 1774 quae
1358 1691 1531 1774 immi·

494 1855 659 1919 relevatur
675 1855 882 1922 infirmorum
1385 1837 1406 1899 9

537 1952 714 2034 desperata
731 1953 856 2018 sanitas
870 1976 877 2033 ;
1128 1949 1227 2013 Pares
1244 1948 1317 2027 fide,
1333 1949 1499 2031 passione,

495 2047 611 2112 Frater
627 2046 763 2112 fratrem
779 2052 990 2116 sustentabat
1124 2047 1226 2128 digna
1245 2045 1307 2109 Dei
1324 2046 1497 2109 sanctione
1551 2101 1553 2106 Α

493 2146 575 2208 etin
593 2143 689 2208 factis
705 2147 904 2228 parentabat
1123 2142 1194 2224 pari
1210 2140 1308 2204 simul
1327 2141 1501 2205 mansione

536 2240 676 2303 carnalis
693 2239 893 2308 fraternitas.
953 2293 956 2301 .
1165 2247 1403 2302 conversantur
1419 2238 1561 2314 iterum;

754 2374 775 2435 6
1125 2335 1174 2399 Ut
1190 2345 1359 2399 currentes
1376 2333 1441 2398 fide
1458 2335 1546 2398 bona

525 2501 531 2516 ¹
969 2505 976 2519 ¹
1125 2431 1289 2513 recepturi
1306 2430 1394 2492 vitae
1409 2430 1499 2493 dona

493 2502 761 2586 C¹f⁶¹¹fflq¹¹³q¹¹e
785 2503 874 2567 fama
890 2513 1002 2581 “emir
1124 2524 1260 2590 fratrum
1279 2535 1395 2589 neuter
1411 2526 1444 2588 in
1461 2545 1583 2589 corona

492 2618 576 2681 quos
593 2600 701 2682 puniri
718 2619 800 2663 mox
816 2601 963 2665 decrevit
1167 2622 1373 2704 praeveniret
1390 2621 1540 2685 alterum.

535 2696 668 2778 tyranni
687 2699 856 2777 vecordia;
880 2755 884 2764 .

493 2793 596 2856 quta
613 2791 714 2857 fontis
730 2814 837 2876 aquae
853 2795 941 2859 rivos
1379 2769 1417 2816 ¹⁰

492 2881 671 2946 trucidavit
686 2880 795 2945 fontes
810 2883 904 2946 vivos
1080 2877 1323 2942 consummata
1338 2877 1447 2940 carnis
1464 2875 1592 2946 militia.

537 2975 691 3040 lictorum
708 2975 855 3059 perfidia.
1079 2983 1156 3056 post
1172 2993 1353 3056 paucorum
1371 2973 1499 3037 dierum
1517 2971 1627 3055 spatia

1081 3069 1243 3151 recepturi
1260 3069 1350 3132 dona
1365 3066 1513 3150 duplicia

755 3141 774 3204 7
1082 3163 1212 3228 Summi
1232 3165 1335 3247 Regis
1351 3165 1476 3228 intrant
1493 3163 1617 3246 palatia

492 3255 620 3320 Caesae
635 3256 776 3322 dextrae
792 3278 900 3341 poena
917 3259 1039 3341 plexus
1253 3281 1353 3342 passu
1370 3261 1451 3342 pari,

492 3361 565 3415 tota
581 3353 751 3418 Christum
768 3365 819 3418 est
835 3355 1013 3439 amplexus
1078 3356 1163 3431 lesu,
1179 3355 1285 3418 victor
1300 3365 1333 3419 et
1349 3375 1425 3437 spes
1441 3355 1609 3431 victoriae,

537 3449 719 3514 Ravennus
735 3450 856 3516 fiducia
870 3474 877 3530 ;
1077 3461 1312 3515 conversantes
1328 3451 1381 3514 hic
1398 3452 1588 3516 transitorie

493 3543 619 3608 Caesus
636 3547 794 3610 membris
812 3549 1003 3624 minoratur,
1073 3541 1130 3611 ¹fac
1148 3547 1179 3610 in
1197 3546 1283 3611 libro
1298 3547 1396 3611 scribi
1414 3549 1604 3623 memoriae,

493 3640 550 3702 sed
568 3640 600 3702 in
619 3639 684 3704 fide
700 3643 882 3706 maioratur
1078 3645 1147 3707 imo
1163 3643 1290 3708 Tecum
1308 3643 1340 3706 in
1359 3664 1462 3727 regno
1477 3643 1602 3727 gloriae

539 3735 678 3818 Rasiphi
695 3739 894 3804 constantia.
1254 3739 1397 3821 gloriari.

487 3942 530 3983 te
560 3929 598 3982 ab
612 3939 731 4000 utroque
744 3931 894 3986 lexovien.

485 4024 500 4076 3
515 4012 529 4061 f
559 4006 587 4061 in
601 4025 724 4080 manque
737 4010 809 4064 dans
823 4011 974 4064 Lexovien.

486 4101 531 4157 50
562 4088 630 4142 etin
644 4105 739 4143 mores
753 4090 903 4144 [σπανία.

484 4167 532 4222 60
562 4167 669 4222 invidia
683 4169 833 4225 Lexovr'en.
865 4187 882 4224 o
912 4170 1034 4226 trucidat
1047 4173 1076 4227 in
1088 4173 1181 4228 fontes
1194 4171 1345 4226 Lexovien.
1377 4176 1391 4224 l
1418 4169 1544 4224 littorum
1556 4168 1711 4224 Lexovr'en.

485 4261 535 4315 7a
565 4248 654 4302 flexus
667 4248 817 4304 lexovien.
848 4268 866 4304 o
897 4251 1188 4307 RavenniLexouien.

486 4330 536 4383 8d
568 4327 708 4384 rediturus
723 4330 871 4385 Lexovz'en.
901 4331 941 4384 ik
973 4332 1066 4386 reddit
1079 4333 1169 4387 oratio
1183 4349 1255 4403 quae
1269 4347 1393 4401 manque
1407 4331 1479 4386 dans
1493 4331 1642 4386 lexovien.

485 4415 529 4478 91
559 4409 717 4480 percepturi
730 4410 879 4464 szovr'en.
912 4429 932 4479 g
962 4413 1078 4466 fratrem
1091 4413 1242 4468 Lexovz'en.

485 4535 524 4590 Le
537 4543 611 4590 texte
624 4544 667 4590 est
680 4533 826 4606 identique
839 4535 911 4588 dans
926 4536 1057 4588 Baiocen.
