4094 5796
590 521 732 578 mosea
759 517 964 573 uccnusrta
991 514 1281 570 nunacavarvsrs
1511 499 1560 591 ’41

312 723 357 772 10.
380 703 517 787 Clangit
533 701 638 766 virtus
653 699 840 786 apostolica
855 721 914 795 per
929 722 1031 786 quarn
1048 700 1165 766 reboat
1181 699 1330 777 ecclesia,
1347 697 1442 782 plebs
1455 699 1564 762 omnis

437 809 613 884 exspectat
623 787 740 864 ‘lutura
756 820 815 881 per
827 787 941 862 eorum
958 789 1146 862 doctrinam
1164 797 1292 861 solvere
1309 795 1433 862 delicta
1450 795 1564 860 nimia.

310 917 355 964 11.
380 899 497 963 Preces
514 905 709 978 martyrum,
725 893 883 978 suffragia
899 896 1111 960 sacerdotum
1128 893 1226 958 simul
1240 893 1346 976 gloria
1361 913 1432 956 sors
1449 912 1487 956 ac
1501 892 1563 954 vir·

437 995 538 1076 ginea
550 989 712 1076 'lampada
723 993 919 1056 catervatim
931 992 1134 1074 depromunt
1151 1011 1322 1075 :pneuma
1341 989 1455 1068 melos,
1472 988 1562 1054 laeta

438 1110 594 1154 carmina.

310 1230 355 1277 12.
379 1211 505 1278 Sancte
521 1221 715 1276 sanctorum
733 1212 829 1275 mitte
846 1211 975 1276 milium
992 1210 1122 1296 chorea,

310 1327 355 1391 13.
380 1307 447 1394 Qui
464 1308 578 1379 omnia
594 1318 709 1372 nostra
726 1329 859 1390 semper
874 1307 1014 1371 abluant
1030 1307 1122 1384 vitia,

311 1447 357 1509 14.
381 1429 426 1492 Et
442 1429 649 1512 coniungant
665 1430 698 1493 in
715 1450 860 1512 superna
877 1451 995 1513 perpes
1012 1449 1124 1512 regna.

343 1602 552 1652 Manusorlts.
570 1597 684 1653 Panis:
706 1597 779 1652 Bibl.
801 1599 879 1666 Nat,
903 1599 964 1667 887,
978 1599 1115 1669 Tropaire
1128 1597 1164 1651 de
1182 1595 1404 1664 Saint·Martial,
1417 1594 1456 1650 xi*
1470 1593 1565 1662 siecle,

308 1677 355 1742 A,·
383 1676 626 1746 1084‚1dem‚B.·
656 1677 731 1748 1118,
754 1677 907 1746 ldem,D,·
936 1693 1011 1746 1119,
1024 1679 1117 1746 Idem,
1137 1677 1183 1741 E,·
1215 1676 1456 1744 1120‚ldem‚F,·
1489 1689 1565 1743 1137,

309 1757 428 1826 ldem‚I,·
450 1757 682 1827 10508‚Tropaire
691 1757 727 1812 de
737 1757 1112 1828 Saint-Evroult‚xii⁰siecle,
1121 1758 1152 1811 R.
1168 1755 1407 1824 Cienoutre868,
1419 1755 1564 1810 stiecle.

344 1837 382 1891 Le
392 1836 457 1892 titre
470 1835 486 1862 ‘¹
498 1837 543 1891 De
557 1838 702 1906 Apostolis
713 1839 726 1866 ’'
739 1839 809 1893 n'est
831 1856 883 1909 pas
900 1839 927 1893 le
945 1837 1009 1893 titre
1029 1837 1154 1907 primitis.
1178 1837 1219 1890 La
1242 1837 1329 1891 Prose
1350 1845 1430 1906 porte
1450 1835 1522 1890 dans
1539 1836 1565 1890 le

310 1931 383 1986 1137,
397 1926 425 1971 et
437 1917 510 1970 dans
530 1916 653 1972 d'autres
667 1918 837 1973 manuscrits
850 1919 887 1973 de
896 1918 1115 1986 Saint-Martial,
1129 1918 1155 1972 le
1172 1917 1255 1972 titre:
1272 1915 1288 1943 “
1303 1918 1347 1970 De
1363 1917 1531 1971 Pentecoste
1541 1915 1566 1979 ”;

307 1997 378 2051 dans
400 1997 427 2050 le
445 1997 506 2065 887,
526 1997 580 2051 elle
598 2007 640 2051 est
654 1997 783 2052 intitulee
796 2016 802 2053 ε
817 1997 833 2024 “
848 2001 893 2052 De
906 1998 1079 2052 Trinitate”.

341 2092 356 2130 2
377 2077 471 2146 Quam
484 2076 596 2132 latitant
609 2077 725 2132 caelesti
740 2077 819 2148 regni
833 2077 962 2132 cubicula
972 2079 1160 2148 Arulegauen.
1188 2077 1243 2146 Qui
1254 2076 1350 2131 latitas
1354 2116 1419 2130 ......
1434 2073 1565 2130 cubicula

310 2157 417 2226 B.D.R‚
427 2155 537 2226 corrige
551 2173 586 2212 en
600 2157 636 2210 D.
649 2157 744 2212 latitas
749 2200 814 2213 ......
829 2159 943 2228 palatia.

343 2251 358 2305 3
379 2237 471 2306 Quem
484 2237 520 2290 Α.
531 2238 564 2291 Β.
576 2237 614 2292 D.
626 2237 663 2290 E.
672 2237 740 2292 ΕΙ.
753 2239 785 2292 R.
808 2239 848 2293 Ce
860 2238 1001 2294 masculin
1022 2255 1052 2293 se
1071 2247 1237 2308 rapportant
1257 2235 1369 2292 al’idee
1383 2235 1419 2292 de
1433 2236 1508 2290 Dieu
1522 2243 1566 2290 est

314 2316 426 2371 curieux
440 2316 522 2387 apres
540 2305 678 2371 Trinitas.
706 2317 804 2372 infima
816 2319 951 2374 caelestia
964 2317 1000 2373 E.
1012 2319 1046 2373 F.

343 2395 484 2464 4lubilat
503 2396 540 2451 D.
573 2396 717 2452 Caelestia
736 2397 855 2453 iubilant
872 2399 1001 2468 agmina,
1023 2415 1109 2452 mare.
1136 2397 1329 2467 Andagaven..
1357 2396 1396 2449 Ce
1421 2404 1497 2450 texte
1523 2403 1567 2450 est

308 2476 444 2544 mauvais,
458 2493 507 2530 car
519 2477 545 2532 le
564 2487 625 2532 mot
647 2478 776 2531 caelestia
794 2488 889 2548 rompt
908 2480 935 2533 le
953 2478 1144 2548 parallelisme
1161 2477 1209 2547 qui
1230 2476 1290 2531 doit
1307 2474 1410 2531 existet
1427 2483 1507 2530 entre
1525 2475 1566 2529 les

308 2556 448 2610 clausules
462 2571 479 2623 4
492 2567 520 2611 et
533 2569 555 2625 ς.
579 2558 661 2611 Nous
674 2575 799 2612 sommes
812 2558 1005 2613 evidemment
1022 2575 1057 2612 en
1077 2559 1139 2612 face
1158 2558 1241 2612 d'une
1260 2554 1469 2625 interpolation.
1505 2554 1565 2609 DJ.

308 2637 456 2690 donnent:
480 2637 623 2692 Caelestia
643 2637 731 2692 iubila
750 2648 870 2693 caterva.
892 2638 1001 2708 Depuis
1015 2639 1106 2692 iubila
1118 2639 1146 2692 la
1165 2636 1295 2706 musique
1314 2636 1350 2689 de
1367 2637 1477 2706 chaque
1490 2635 1566 2688 clau·

308 2717 367 2770 sule
383 2726 426 2770 est
448 2715 606 2770 semblable
619 2736 625 2782 3
650 2718 780 2772 caelestia
792 2718 852 2772 doit
866 2717 1042 2788 disparaitre.
1057 2749 1091 2758 -
1111 2720 1139 2772 Α
1143 2759 1148 2771 .
1172 2733 1244 2772 nous
1257 2715 1388 2787 explique
1401 2724 1479 2770 toute
1492 2723 1567 2769 cette

307 2795 465 2850 confusion.
499 2796 521 2849 ll
535 2807 614 2866 porte
627 2797 802 2867 aujourd³hui
817 2815 823 2850 τ
843 2799 982 2854 Caelestis
993 2809 1106 2853 caterva
1119 2797 1224 2862 maris;
1248 2797 1319 2850 mais
1339 2795 1464 2849 caelestis
1487 2811 1504 2848 a
1517 2793 1563 2848 ete

306 2875 399 2945 ajoute
411 2875 664 2945 posterieurement
684 2877 768 2948 apres
781 2887 910 2948 grattage
924 2879 988 2932 d’un
1009 2889 1069 2932 mot
1081 2878 1118 2932 de
1137 2879 1206 2932 trois
1224 2877 1348 2946 syllabes
1361 2874 1409 2946 qui
1424 2873 1484 2928 doit
1503 2872 1563 2928 etre

306 2955 404 3009 iubila.
437 2957 471 3010 R.
485 2955 580 3010 donne
594 2975 599 3009 :
615 2957 754 3012 Caelestis
767 2968 890 3027 caterva,
905 2959 988 3012 tellus
1003 2959 1046 3013 vel
1060 2957 1157 3012 maris.

342 3047 355 3104 5
375 3052 440 3090 cum
454 3052 558 3090 sonora
571 3036 642 3091 ΕΡ.

339 3115 356 3168 6
374 3124 524 3169 contuetur
536 3116 721 3187 Andegaven.
754 3117 825 3171 mira
839 3117 922 3171 valde
935 3119 969 3172 R.
1002 3134 1114 3188 semper
1127 3117 1235 3171 lumina
1248 3117 1434 3185 Andagavrn.

339 3194 385 3248 6a
418 3195 489 3248 Inde
508 3196 659 3264 splendent
678 3197 748 3252 satis
771 3198 977 3268 Andagaven.,·
996 3199 1022 3252 le
1042 3197 1233 3267 parallelisme
1245 3197 1325 3265 exige
1345 3197 1372 3250 la
1393 3195 1483 3249 forme
1506 3197 1560 3246 sat.

307 3274 391 3328 Unde
404 3274 560 3344 splendens
573 3275 611 3330 D.

340 3355 442 3419 7Non
454 3355 530 3408 valet
543 3355 577 3409 R.

340 3446 386 3500 7a
417 3449 529 3488 summa
541 3451 605 3489 curn
620 3435 652 3489 R.

340 3513 355 3566 8
373 3513 459 3583 plena
471 3523 514 3568 est
527 3515 590 3570 vale
608 3515 684 3570 laeta
697 3516 902 3586 Andagaven.;
915 3525 943 3571 et
956 3517 1039 3572 valde
1052 3517 1127 3571 laeta
1140 3515 1199 3571 I.R.
1231 3515 1357 3570 dicentia
1373 3513 1400 3568 A
1404 3513 1560 3583 ndegaven.

306 3603 396 3664 rompt
410 3593 436 3648 le
450 3595 569 3664 rythme.

337 3687 355 3738 9
373 3673 529 3728 nominaris
542 3675 580 3730 R.
611 3685 692 3730 terno
713 3675 837 3730 minatur
847 3693 932 3747 quem
946 3677 1130 3748 Andagaven.
1156 3693 1266 3730 summe
1281 3677 1361 3730 Deus
1379 3673 1562 3742 Andagaven.

305 3753 407 3808 tribuet
436 3755 621 3826 Andagaven.
654 3769 729 3825 1523.
770 3756 862 3826 gratia
883 3757 917 3812 R.
943 3757 1124 3828 Andagaven.
1156 3757 1259 3811 devote
1289 3757 1323 3810 R.
1361 3753 1475 3809 saecula
1501 3753 1562 3806 An-

304 3833 437 3904 deganan.

327 3927 358 3966 1ο
378 3914 480 3983 Pangit
493 3914 677 3984 Andegaven.
709 3932 858 3986 perquem
871 3917 1022 3972 A.D.D.E.
1037 3917 1221 3985 Andegaven.
1251 3923 1396 3983 exspectat
1405 3913 1515 3967 factura
1524 3910 1562 3964 D.

306 3991 433 4047 doctrina
446 3993 482 4047 D.
516 3994 610 4049 delere
629 3995 944 4066 peccataslndegaven.
977 3997 1061 4050 noxia
1074 3996 1149 4050 AR.
1183 3995 1264 4050 Cette
1277 3993 1403 4048 clausule
1422 4001 1449 4047 et
1467 3993 1494 4044 la
1508 3990 1563 4044 sui·

306 4084 388 4126 vante
402 4083 451 4127 ont
464 4073 509 4128 dte
523 4075 687 4130 transcrites
697 4075 733 4129 de
742 4084 849 4129 travers
860 4077 932 4130 dans
945 4076 971 4128 A
981 4087 1009 4130 et
1023 4076 1059 4145 Ε,
1068 4085 1096 4147 et
1106 4075 1246 4144 corrigees
1256 4073 1339 4144 apres
1353 4089 1425 4142 coup
1437 4071 1508 4126 dans
1522 4070 1549 4123 Α
1554 4111 1560 4122 .

308 4152 421 4208 L’ordre
433 4163 476 4207 est
491 4153 645 4210 interverti.

325 4247 352 4286 11
378 4250 496 4304 sorsque
518 4234 703 4305 Andagaven.
738 4235 886 4303 depromat
905 4252 1010 4290 neuma
1031 4236 1078 4306 pia
1091 4236 1165 4289 melo
1178 4235 1255 4289 lenta
1268 4233 1452 4302 Amugaven.
1485 4231 1563 4286 lenta

307 4312 375 4368 B.F.
407 4313 483 4368 lente
497 4313 533 4367 D.

325 4407 355 4447 12
376 4394 442 4447 Une
467 4393 576 4462 syllabe
596 4396 704 4450 semble
724 4394 803 4449 avoir
821 4393 936 4464 disparu
956 4395 992 4450 de
1010 4404 1084 4449 cette
1099 4395 1232 4450 clausule.
1261 4394 1283 4446 F
1285 4392 1366 4448 aut-il
1379 4392 1517 4447 retablir:
1540 4391 1565 4445 O

309 4473 437 4526 Sancte?

325 4568 354 4620 ¹3
375 4553 456 4622 Quae
469 4563 567 4607 nostra
580 4556 676 4610 omnia
691 4555 725 4609 D.
754 4553 809 4624 Qui
824 4564 920 4612 nostra
940 4555 1049 4610 meritis
1076 4555 1135 4609 suis
1155 4555 1306 4609 absolvant
1327 4553 1447 4608 crimina
1469 4551 1564 4605 Ande·

303 4649 404 4700 gam.
432 4633 596 4689 absolvatur
609 4637 793 4704 Andagaven.
811 4647 886 4702 1523.

325 4727 354 4777 14
374 4714 410 4766 Et
424 4712 582 4782 perducant
595 4715 622 4768 Α
627 4716 780 4785 ndegaven.
807 4714 845 4768 Et
859 4715 1033 4770 conlustrent
1046 4717 1080 4770 B.
1086 4715 1181 4770 E.F.l.
1203 4716 1240 4769 Et
1258 4715 1416 4784 perducant
1429 4712 1477 4782 (en
1490 4727 1564 4764 mar-

307 4793 557 4860 ge:conlustrent)
571 4793 607 4848 D.
635 4795 664 4848 in
678 4805 795 4850 aeterna
811 4794 842 4848 R.
877 4793 905 4848 in
924 4795 1053 4864 supernis
1067 4797 1101 4849 B.
1134 4805 1233 4864 regnat
1248 4796 1281 4848 B.

341 4873 422 4926 Cette
435 4871 515 4942 piece
529 4883 572 4928 est
585 4874 720 4942 designee
733 4875 806 4928 dans
819 4875 860 4928 les
875 4875 1085 4944 Sequentiaires
1099 4876 1135 4930 de
1150 4873 1361 4930 saint-Martial
1374 4891 1440 4928 sous
1457 4874 1483 4926 le
1497 4890 1564 4928 nom

308 4951 340 5005 de
352 4950 403 5006 “O
417 4951 494 5006 alma
507 4951 633 5008 Trinitas
648 4955 740 5009 minor
751 4957 773 5024 ”,
794 4971 845 5025 par
864 4956 1026 5025 opposition
1040 4957 1057 5010 a
1071 4972 1126 5010 une
1143 4965 1223 5010 autre
1238 4956 1325 5009 Prose
1344 4971 1446 5010 encore
1459 4953 1565 5011 inedite

308 5031 353 5104 qui
366 5041 446 5102 porte
459 5032 485 5087 le
499 5049 567 5088 uom
581 5034 616 5090 de
628 5033 679 5090 “O
693 5036 769 5090 alma
781 5034 908 5090 Trinitas
922 5035 1012 5091 maior
1022 5037 1044 5092 ”.
