4102 5792
482 512 557 596 466
647 525 788 576 Prosae
813 523 1016 574 accaesma
1043 519 1262 571 scorastan
1290 516 1600 569 consanoiansrs

519 705 600 758 Dans
613 704 652 772 K,
665 704 691 758 le
705 703 769 757 titre
782 702 817 756 de
830 710 904 757 cette
919 702 1006 754 Prose
1019 709 1062 754 est
1079 697 1195 766 Georgo'i
1206 679 1349 765 neartjm's.

517 835 532 888 3
553 817 657 888 Georgi
671 827 777 886 martyr
790 817 827 870 K.

517 901 534 952 6
553 898 649 953 iubilet
665 897 696 952 0.
710 897 743 950 P.
758 897 791 950 R.

518 979 533 1032 8
553 978 612 1032 Ore
625 993 723 1045 regum
740 975 771 1029 T.

517 1073 535 1126 9
553 1058 619 1126 vita,
635 1056 692 1110 vita
704 1066 732 1110 et
749 1055 780 1108 T.
809 1053 875 1120 vita,
888 1052 934 1104 via
949 1051 980 1119 Q.

504 1155 535 1192 ιο
554 1137 676 1205 Caelica,
690 1135 823 1190 aetherea
837 1131 962 1202 plaudite
974 1130 1010 1182 K.

504 1234 531 1273 ιι
553 1221 649 1273 iuncta
664 1217 695 1287 Q.
705 1217 738 1270 R.

505 1317 534 1355 12
555 1301 703 1370 Diapason
716 1299 793 1352 clara
806 1297 843 1349 K.

505 1399 534 1448 ¹4
556 1383 640 1434 Nunc
652 1389 688 1448 te,
703 1377 807 1446 Georgi
822 1376 861 1429 K.
895 1384 994 1440 turmo,
1008 1371 1111 1440 ubique
1125 1385 1177 1421 nos
1190 1368 1317 1436 guberna
1330 1366 1367 1417 K.

504 1465 535 1518 16
554 1464 637 1517 beata
650 1475 773 1529 manque
787 1459 859 1511 dans
874 1457 903 1508 T.
935 1454 972 1507 ad
985 1461 1130 1506 aeternam
1145 1449 1232 1518 Regis
1250 1448 1278 1500 T.
1294 1447 1329 1500 ad
1346 1445 1453 1500 aeterni
1477 1443 1564 1513 Regis
1586 1460 1674 1514 regna
1696 1442 1744 1496 illa

483 1559 604 1614 superna
617 1541 655 1593 K.
689 1537 882 1592 Parallelisme
896 1532 1036 1605 imparsait
1050 1532 1122 1586 dans
1135 1541 1198 1583 tous
1212 1545 1264 1582 nos
1275 1538 1372 1582 textes.

504 1624 535 1676 18
557 1623 636 1676 lesus
648 1637 704 1690 qua
722 1619 750 1671 T.

425 1727 434 1736 ·
505 1719 536 1771 19
555 1701 590 1756 sit
604 1711 631 1756 et
645 1701 674 1753 in
689 1699 783 1754 saecla
792 1697 831 1750 K.
861 1697 897 1749 sit
911 1703 938 1749 et
952 1693 980 1747 in
994 1691 1108 1746 saecula
1122 1690 1154 1760 Q.
1171 1690 1198 1742 T.

501 1799 536 1836 20
548 1791 575 1835 et
590 1795 620 1834 21
637 1785 793 1846 manquent
802 1775 875 1829 dans
893 1775 922 1827 T.
957 1773 1048 1842 Quem
1062 1772 1217 1824 clamemus
1232 1769 1263 1837 Q„

499 1878 530 1916 21
554 1861 639 1916 Salve
653 1857 784 1915 caelestis
796 1857 831 1910 R.

674 2141 756 2211 332.
790 2114 847 2187 IN
880 2105 1287 2186 CONVERSlONE
1318 2105 1358 2178 S.
1381 2101 1555 2176 PAVLl.

792 2349 803 2394 l

529 2446 637 2509 Adest
654 2440 751 2505 nobis
767 2439 838 2502 dies
855 2437 942 2500 laeta

527 2559 628 2624 quam
646 2534 857 2620 praemonuit
873 2531 1038 2615 propheta

1422 2333 1436 2398 5

1112 2446 1127 2472 “
1146 2439 1258 2516 Saule,
1287 2437 1398 2515 Saule,
1424 2454 1526 2519 quare
1553 2453 1607 2496 me
1633 2448 1743 2513 perse-

1621 2527 1742 2610 queris,

572 2636 654 2698 haec
670 2647 879 2714 praeponens
896 2626 1059 2709 mystica:
1114 2629 1204 2712 Quid
1222 2629 1254 2692 in
1272 2627 1367 2692 terris
1394 2625 1544 2691 membra
1565 2643 1640 2688 mea
1664 2641 1744 2686 con·

529 2735 545 2764 ‘⁸
559 2727 745 2804 Beniamin,
761 2733 798 2788 ut
814 2723 912 2806 lupus
928 2741 1043 2802 rapax,

534 2845 634 2890 mane
649 2821 808 2905 praedam
825 2820 903 2882 edet
918 2835 1036 2897 vorax,

574 2941 648 2985 sero
664 2925 798 3002 sparget
814 2913 929 2997 spolia.
940 2913 956 2938 ¹’

792 3037 810 3082 2

531 3127 705 3194 Beniamin
724 3125 776 3187 hic
792 3123 903 3204 signat
921 3119 1069 3192 Paulum,

530 3226 587 3289 sed
605 3245 649 3288 ex
666 3222 736 3286 eius
753 3219 855 3300 stirpe
872 3216 1012 3280 Saulum

573 3338 673 3402 quem
690 3313 854 3380 convertit
871 3311 1039 3374 Dominus

531 3418 587 3480 Ex
605 3416 715 3478 Basan
731 3407 945 3481 confusionis,

531 3515 563 3576 in
581 3508 747 3593 profundo
764 3516 895 3568 vertens
912 3504 1012 3566 maris

575 3607 667 3690 quod
684 3600 852 3667 commisit
869 3599 997 3660 inscius.

793 3722 810 3785 3

533 3817 594 3879 Pes
611 3813 770 3877 intinctus
788 3809 819 3870 in
838 3827 961 3882 cruore,

531 3912 589 3974 sed
607 3907 742 3972 caelesti
761 3904 848 3967 lotus
865 3922 936 3965 rore

573 4004 681 4071 desert
698 3999 891 4082 Evangelia,

533 4103 664 4183 Lingua
680 4116 801 4161 canum
817 4095 895 4158 hinc
912 4095 955 4157 ab
971 4095 1044 4176 ipso

531 4200 646 4262 laudes
662 4196 720 4257 dat
738 4189 862 4272 ubique
878 4188 1022 4265 Christo,

573 4310 715 4375 sequens
731 4288 801 4351 eius
818 4285 954 4349 monita.

789 4413 812 4473 4

531 4508 607 4572 Iesu
624 4505 721 4578 bone,
736 4517 837 4582 quam
855 4497 965 4560 suavis

530 4621 662 4684 semper
678 4619 713 4662 es
730 4605 763 4660 et
780 4593 861 4676 ipsis
878 4593 987 4674 pravis

573 4718 656 4780 quos
673 4711 790 4759 mones
806 4699 978 4766 revertere,

530 4795 583 4858 Tu
600 4794 643 4856 de
659 4789 759 4856 caelis
775 4796 936 4866 tanquam
958 4785 1029 4867 pari

530 4891 688 4972 dignatus
704 4905 740 4949 es
757 4879 861 4946 Saulo
877 4878 937 4943 sari

574 4985 655 5048 dum
672 4981 765 5064 cogis
781 4977 942 5058 resipere:

1613 2719 1691 2783 teris
1704 2717 1745 2781 ?’'

1418 2813 1439 2872 6

1161 2952 1199 3013 In
1217 2951 1280 3012 hoc
1296 2950 1398 3012 verbo
1413 2947 1619 3030 prostravisti

1159 3065 1259 3128 quem
1277 3054 1442 3108 mutatum
1459 3042 1596 3106 erexisti

1202 3140 1378 3204 manifesta
1395 3140 1512 3222 gratia,

1157 3236 1271 3299 Atrox
1288 3255 1433 3317 namque
1453 3243 1653 3316 persecutor,

1160 3333 1250 3396 mitis
1267 3331 1373 3395 sactus
1389 3330 1608 3414 praedicator,

1203 3427 1295 3490 fulsit
1311 3429 1342 3490 in
1363 3425 1523 3490 Ecclesia.

1421 3585 1440 3650 7

1162 3719 1228 3781 Hic
1245 3717 1301 3798 qui
1317 3725 1433 3780 contra
1449 3714 1540 3778 Tuos
1560 3715 1664 3778 saevit

1160 3815 1322 3876 mundum
1339 3821 1415 3894 post
1432 3811 1513 3873 haec
1535 3810 1731 3893 adimplevit

1204 3909 1295 3970 sama
1311 3907 1375 3970 Tui
1393 3905 1547 3983 nominis,

1164 4005 1277 4086 lpsum
1295 4021 1429 4085 quoque
1445 4021 1504 4083 per
1520 4001 1570 4064 Te
1585 3999 1711 4064 sactum

1161 4101 1261 4163 docet
1276 4119 1358 4173 esse,
1374 4117 1411 4159 ac
1429 4097 1640 4178 redemptum

1204 4195 1294 4256 unda
1309 4192 1374 4254 Tui
1391 4192 1574 4274 sanguinis

1421 4347 1439 4408 8

1161 4493 1202 4557 Ei
1219 4493 1287 4557 vita
1302 4491 1356 4555 Tu
1373 4490 1474 4568 suisti,

1158 4609 1257 4672 quem
1275 4597 1309 4653 et
1325 4588 1453 4651 lucrum
1470 4587 1611 4650 docuisti

1202 4686 1284 4749 mori
1302 4705 1363 4768 pro
1378 4683 1429 4746 Te
1445 4683 1620 4765 optimum,

1162 4781 1308 4845 Lucrum
1327 4779 1415 4843 istud
1432 4779 1494 4842 iter
1509 4797 1651 4862 pronum

1158 4879 1254 4942 nobis
1270 4879 1312 4941 sit
1329 4876 1371 4939 ad
1389 4875 1477 4938 vitae
1493 4876 1619 4940 donum

1200 4975 1234 5037 in
1251 4993 1318 5057 qua
1334 4989 1464 5052 semper
1480 4971 1650 5052 gaudium.
