4096 5794
655 487 798 538 Paosnn
826 488 1029 538 acccusrna
1056 490 1271 542 cvuoausrs
1530 484 1600 570 567

482 716 566 785 402.
599 691 674 763 DE
705 691 743 764 S.
766 691 977 765 THOMA
1006 692 1451 772 CANTVARIENSI.

647 899 657 943 l

512 1010 616 1074 Laeta
632 1011 774 1073 muudus

509 1109 552 1172 sit
569 1109 732 1172 iocundus

380 1227 461 1270 voce
477 1215 617 1270 cantans
637 1231 643 1269 :
659 1205 807 1269 Alleluia
818 1231 834 1282 ,·

508 1303 629 1384 Regem
646 1323 760 1366 verum

505 1399 659 1476 iaudans,
676 1419 783 1462 rerum

382 1496 611 1574 Conditorem,
628 1509 741 1561 mente
757 1498 821 1580 pia.

640 1639 658 1685 2

509 1746 715 1830 Angelorum

510 1845 612 1909 intrat
628 1845 776 1922 chorum,

381 1939 446 2004 iam
464 1951 619 2024 suscepta
636 1943 809 2007 beatorum

509 2043 588 2106 sede
604 2042 693 2106 clara
706 2065 713 2120 ;

511 2135 590 2201 Solo
607 2148 728 2221 spreto

511 2235 612 2298 corde
628 2234 726 2312 laeto,

381 2328 535 2392 Thomae
553 2332 650 2396 datur
666 2351 736 2395 sors
753 2351 813 2412 pro
830 2329 930 2406 letho,

512 2429 619 2511 magis
635 2449 724 2492 cara.

646 2577 662 2642 3

429 2693 457 2756 S
459 2692 525 2755 e'cut
540 2713 614 2756 rosa
630 2693 737 2756 lilium

426 2787 727 2873 Londoniafilium

505 2888 595 2968 parit
612 2886 789 2962 Thomam‚

425 2981 544 3065 Neque
560 2984 649 3047 cedit
665 2984 776 3067 gladio

422 3081 502 3142 dum
519 3081 620 3144 currit
637 3081 668 3144 in
686 3081 794 3144 stadio

510 3176 621 3240 zelans
639 3177 793 3240 Romam.

1273 903 1295 962 4

1060 1010 1182 1076 Cedens
1199 1011 1235 1076 fit
1252 1034 1295 1077 ex
1312 1014 1452 1098 hysopo,

1056 1120 1182 1191 martyr
1198 1131 1242 1173 ex
1258 1112 1426 1195 episcopo,

1049 1205 1051 1210 ’
1145 1208 1252 1272 forma
1269 1210 1386 1286 Patris,

1066 1302 1204 1366 Verbum
1220 1304 1309 1368 hunc
1325 1327 1384 1388 per
1401 1306 1537 1372 vulnera

1055 1401 1112 1480 qui
1130 1411 1295 1484 repugnat
1311 1403 1436 1466 viscera

1141 1509 1252 1560 castae
1270 1501 1394 1564 matris,

1275 1637 1289 1704 5

1056 1747 1167 1811 lsaias
1182 1758 1293 1813 sectus
1309 1760 1369 1827 est,

1057 1846 1189 1928 praesul
1207 1866 1286 1909 ense
1303 1857 1419 1911 nectus
1436 1857 1496 1924 est,

1056 1943 1219 2024 probatus
1235 1941 1360 2006 electus
1376 1954 1426 2007 est

1144 2042 1219 2105 Deo
1235 2043 1337 2124 digne
1352 2063 1360 2122 ;

1053 2137 1098 2202 Si
1112 2157 1174 2199 nen
1190 2137 1435 2202 consessoribus

1054 2233 1165 2296 credat
1179 2235 1233 2297 uel
1245 2232 1446 2316 martyribus

1054 2350 1195 2412 parcens
1211 2331 1444 2414 proditoribus,

1141 2447 1202 2490 rex
1218 2428 1364 2510 indigne.

1274 2561 1295 2622 6

1059 2691 1188 2773 O's'elire
1204 2691 1339 2774 Anglia,

1056 2787 1114 2851 fies
1130 2788 1282 2869 angelica

969 2906 1028 2968 per
1043 2886 1254 2949 sacerdotum
1272 2884 1440 2966 martyria,

1099 2982 1196 3066 Quae
1212 2983 1314 3046 doces
1329 2981 1453 3063 gaudia

1098 3079 1215 3144 mereri
1231 3077 1354 3142 caelica

966 3195 1025 3258 per
1041 3175 1263 3257 lacrymarum
1281 3173 1430 3256 suspiria.

374 3376 583 3426 Manuscrlts.
607 3372 816 3425 CAMBchs:
832 3371 904 3425 Bibl.
916 3371 952 3424 de
965 3369 1156 3436 l'Universite,
1169 3369 1364 3441 Sequentiaire
1375 3367 1411 3423 de
1422 3369 1523 3436 Cerne,
1534 3383 1597 3422 vers

342 3466 415 3518 1400,
433 3451 489 3505 CB.
524 3451 703 3506 Cancovln:
725 3451 797 3504 Bibl.
809 3451 846 3505 du
862 3450 1005 3520 Chapitre‚
1016 3465 1041 3518 2,
1057 3450 1165 3518 Missel,
1184 3451 1258 3519 1438,
1281 3450 1377 3514 CRR,·
1417 3449 1506 3517 Idem,
1523 3463 1598 3517 1490,

339 3533 419 3588 CRS.

373 3671 453 3725 Cette
473 3670 560 3724 Prose
580 3687 597 3723 a
617 3669 661 3724 έῑέ
681 3669 793 3739 ριὼίἰέε
814 3669 886 3723 dans
907 3669 948 3723 les
970 3667 1112 3722 Lalinska
1134 3663 1369 3735 Siingersordom
1391 3659 1517 3728 uvinda,
1531 3659 1599 3714 Piae

336 3751 491 3820 cantiones,
506 3752 603 3806 Sancti
617 3752 712 3819 exteri,
722 3751 810 3821 pano,
824 3750 935 3821 d’aprts
948 3751 974 3805 le
989 3749 1089 3804 Missel
1103 3747 1312 3818 d'Upsal,1483.

375 3901 423 3942 ra
455 3888 657 3942 Laetabundus
672 3887 755 3941 CRR.
769 3887 848 3942 CRS.
863 3886 991 3940 ernden.
1007 3885 1165 3938 Sleswicen.
1198 3887 1219 3936 b
1251 3881 1281 3934 fit
1295 3878 1455 3933 Sleswicen.

373 3973 424 4023 ab
454 3968 719 4023 immenasas,
735 3969 872 4038 Hasm'en.
887 3967 1015 4022 Lunden.
1047 3971 1061 4020 1
1092 3963 1233 4018 vitalaeto
1248 3961 1304 4016 CB.
1322 3957 1458 4028 Hafm‘en.
1473 3953 1597 4008 Lunden

336 4049 391 4102 vite
408 4049 483 4104 laeto
498 4048 580 4104 CRR.
596 4049 676 4104 CRS.
692 4049 850 4104 Sleswicen.
884 4053 906 4102 h
937 4049 1016 4102 clara
1028 4045 1166 4116 Hastn'en.
1180 4043 1307 4097 Lunden.

372 4132 422 4196 31)
454 4127 604 4182 Lundonia
617 4129 755 4200 Hasm'en.
768 4128 894 4183 Lunrlen.
909 4127 1069 4182 Sleswe’cen.
1101 4142 1118 4180 o
1132 4122 1253 4180 cucurrit
1267 4120 1296 4174 in
1309 4118 1447 4188 Hasnr'en.
1468 4113 1596 4168 Lunden·

337 4224 401 4262 vers
413 4207 487 4263 faux.

370 4301 418 4353 40
449 4289 730 4358 transcurrens.
762 4309 779 4347 o
805 4291 852 4363 qui
866 4297 1025 4361 propugnet
1037 4287 1172 4358 Hasm'en.
1187 4283 1314 4338 Lunden.
1351 4283 1512 4350 propugnat
1526 4273 1599 4328 Sles-

334 4370 429 4424 wiern.
462 4387 536 4440 quae
557 4372 722 4440 propulsant
747 4372 804 4428 CB.
837 4373 906 4426 dum
923 4378 1104 4442 propugnant
1119 4367 1205 4422 CRR.
1222 4364 1301 4419 CRS.

373 4469 417 4524 50
451 4457 552 4527 probat
573 4457 650 4528 quod
669 4458 726 4513 CB.
758 4459 883 4528 probans
908 4456 985 4528 quod
1002 4451 1325 4521 CRR.CRS.Hasm'en.
1365 4443 1490 4514 probans
1514 4455 1601 4510 quam

337 4535 584 4594 electusLunden.
616 4545 637 4594 d
670 4539 772 4609 dignus
787 4541 926 4610 Hasnien.
949 4536 1078 4590 Lunden.
1109 4539 1131 4587 h
1159 4549 1231 4603 gens
1251 4528 1367 4596 indigne
1390 4523 1448 4578 CB.
1483 4523 1601 4575 deth

339 4616 496 4673 intervenis
514 4619 586 4674 dans
607 4621 690 4675 CRR.
703 4620 784 4678 CRS.

371 4696 423 4751 61)
454 4699 866 4771 fides(!)H‹1sm'en.Lunden.
899 4699 951 4753 flos
962 4696 1075 4767 anglica
1090 4695 1172 4749 CRR.
1188 4693 1268 4746 CRS.
1301 4694 1322 4744 d
1355 4685 1410 4756 Qui
1423 4683 1528 4738 docent
1543 4677 1601 4734 CB.

339 4776 430 4844 Quem
441 4778 525 4833 docet
539 4778 677 4848 Hasnr'en.
689 4780 815 4833 Lrenelen.
849 4781 942 4848 Quem
961 4777 1065 4832 docent
1081 4776 1163 4830 CRR.
1182 4773 1204 4826 C
1205 4772 1261 4825 RS.
1295 4771 1388 4837 Quam
1411 4765 1512 4852 decent
1527 4759 1601 4813 Sles·

338 4855 432 4910 wr'cen.
465 4876 482 4912 e
506 4858 595 4913 vereri
611 4858 693 4912 CRR.
715 4859 796 4913 CRS.
825 4863 839 4914 1
869 4876 920 4929 per
933 4857 1074 4928 lacrymas
1087 4865 1115 4909 et
1130 4853 1186 4909 CB.
1221 4852 1319 4920 Ipsum
1341 4852 1437 4915 genuit
1462 4852 1602 4913 puerpera

340 4931 421 4990 CRR.
437 4937 517 4994 CRS.
