4116 5784
605 537 748 590 mosne
775 540 978 594 scenssms
1006 537 1262 592 unavacnnsrs
1505 537 1575 608 303

356 819 509 886 Tandem
525 815 657 902 praesul
672 813 867 893 decollatur,

356 915 429 980 luce
444 915 537 980 locus
552 911 778 996 perlustratur,

355 1005 358 1010 ’
399 1033 468 1076 vox
484 1011 527 1075 de
542 1008 636 1074 caelo
652 1009 788 1072 veniens

357 1107 500 1172 clamat:
515 1111 532 1140 “
541 1105 640 1182 Veni,
658 1104 814 1181 Luciane,

358 1206 468 1289 gaude
484 1203 628 1278 Mecum,
644 1199 754 1282 gaude
769 1197 879 1280 plane,

400 1300 474 1363 vive
489 1318 550 1382 pro
566 1317 619 1360 me
636 1295 789 1359 moriens.
801 1293 817 1323 ’'

617 1410 639 1473 9

360 1491 491 1575 Martyr
505 1497 629 1566 sancte,
646 1495 772 1570 martyr
787 1486 884 1563 bone,
930 1507 932 1510 ·

989 740 1093 784 verax
1110 728 1204 802 pater
1220 728 1253 782 et
1269 725 1410 800 patrone

957 858 958 862 =
986 823 1099 880 noster
1114 835 1200 879 nove
1217 815 1436 898 Belvacensis‚

988 923 1024 977 tu
1041 912 1086 975 sis
1102 911 1198 975 nobis
1215 911 1285 975 saix
1301 923 1334 977 et
1350 916 1438 978 ensis

1032 1008 1074 1071 ad
1091 1009 1237 1072 secanda
1252 1010 1341 1088 vitia,

991 1103 1063 1168 Nos
1078 1103 1132 1167 hic
1147 1124 1232 1182 seca,
1249 1125 1310 1168 nos
1326 1106 1379 1170 hic
1396 1129 1453 1172 ure

988 1208 1025 1263 ut
1042 1219 1102 1263 nos
1119 1209 1229 1263 tecum
1247 1201 1349 1263 ducas
1365 1223 1446 1284 pure

990 1305 1115 1359 etcum
1132 1297 1223 1377 puris
1240 1305 1363 1361 etcum
1383 1302 1515 1364 mundis

988 1391 1054 1455 iam
1072 1392 1225 1456 mundati
1242 1393 1285 1456 ab
1302 1393 1485 1461 immundis

1033 1488 1185 1551 vivamus
1202 1487 1234 1550 in
1250 1487 1364 1571 gloria.

354 1661 400 1716 30
429 1662 503 1718 quae
523 1660 644 1715 granum
664 1641 787 1698 electum
805 1642 967 1713 Bclvacen.,
980 1642 1079 1699 saitun
1093 1659 1156 1699 vers
1169 1643 1242 1700 faux.
1275 1646 1491 1706 L’interversion
1504 1651 1577 1709 s'im·

316 1744 395 1800 pose

586 1884 667 1953 199.
700 1857 774 1932 DE
805 1856 1029 1933 SANCTA
1057 1859 1307 1934 AGNETE.

626 2050 638 2095 1

405 2128 550 2213 Agnetis
566 2126 743 2192 sollemnio

405 2225 523 2291 iubilat
538 2245 614 2290 cum
632 2223 756 2308 gaudio

407 2321 570 2388 castitatis
587 2319 673 2385 Filio

495 2418 639 2483 mundus
656 2437 761 2494 amor,

408 2513 527 2581 Cordis
542 2513 575 2576 in
592 2511 710 2576 altario

408 2609 545 2693 Agnam
562 2608 667 2692 Agno
683 2608 775 2672 socio

409 2703 562 2771 immolet
576 2705 720 2784 devotio,

493 2820 590 2866 verus
606 2800 741 2864 clamor.

624 2912 642 2959 2

408 2995 520 3060 Iesum
536 3014 654 3071 rorem,
670 2993 785 3070 lilium,

406 3111 566 3176 sponsum
582 3089 655 3154 vult
669 3099 704 3154 et
719 3090 846 3156 socium

407 3199 440 3254 et
455 3186 614 3272 praefecti
631 3187 737 3252 filium

492 3284 710 3367 dedignatur;

409 3381 537 3459 Preces,
553 3380 672 3458 minas,
688 3379 839 3444 munium

405 3477 533 3561 spernit
549 3485 583 3541 et
599 3474 811 3560 supplicium,

406 3573 604 3639 sustinendo
620 3572 764 3655 spolium

494 3689 561 3735 non
579 3670 732 3733 nudatur.

407 3863 516 3932 Crinis
531 3871 602 3928 arte
617 3864 733 3928 deica.

406 3960 490 4044 tegit
505 3968 586 4042 toga
600 3958 735 4036 caelica,

405 4056 489 4122 cella
505 4054 542 4118 fit
557 4053 687 4118 vivifica

493 4152 717 4235 impurorum;

407 4247 606 4334 Impudicus
623 4246 771 4325 moritur,

407 4367 466 4431 per
482 4345 638 4430 pudicam
658 4345 817 4426 redditur,

407 4443 588 4518 Christum,
604 4439 715 4522 fidem,
729 4441 877 4525 loquitur

492 4537 524 4602 vi
541 4537 712 4602 iustorum.

407 4731 548 4816 Ignibus
563 4729 755 4812 exponitur,

407 4837 480 4894 orat
495 4847 556 4892 nec
573 4825 794 4903 comburitur,

408 4926 521 5011 gladio
536 4923 721 5010 percutitur

496 5021 690 5106 impiorum,

1035 2031 1091 2097 Sic
1107 2032 1209 2116 Agna
1224 2034 1439 2118 coniungitur

1036 2127 1139 2211 Agno
1155 2149 1216 2212 pro
1232 2150 1300 2212 quo
1316 2133 1476 2211 caeditur,

1037 2225 1128 2307 regia
1144 2225 1283 2308 eripitur

1122 2321 1153 2384 vi
1171 2322 1372 2387 morborum.

1038 2559 1069 2624 O
1086 2558 1147 2624 flos
1163 2562 1354 2644 pudicitiae,

1037 2655 1209 2738 speculum
1227 2657 1423 2736 munditiae,

1036 2752 1168 2830 amoris,
1184 2754 1394 2818 constantiae

1123 2847 1355 2912 fulcimentum

1039 2942 1162 3007 Hostia
1178 2944 1373 3022 munditiae,

1036 3038 1173 3102 victima
1190 3038 1345 3116 iustitiae,

1036 3132 1181 3198 dulcoris
1197 3143 1230 3198 et
1245 3135 1373 3216 gratiae

1123 3229 1386 3297 condimentum.

1252 3351 1275 3418 6

1037 3459 1068 3527 O
1085 3461 1185 3544 plena
1197 3461 1386 3544 dulcedine,

1037 3558 1131 3646 Agni
1147 3559 1269 3623 rubens
1284 3563 1456 3644 sanguine,

1036 3654 1144 3740 pellas
1160 3674 1180 3718 a
1195 3657 1377 3721 certamine

1123 3762 1372 3817 nocumentum.

1034 3847 1129 3931 Agni
1144 3848 1274 3932 pollens
1290 3851 1434 3932 agmine,

937 4017 940 4023 ,
1035 3941 1070 4010 in
1086 3945 1202 4010 mortis
1219 3945 1385 4024 examine,

1035 4040 1081 4104 sis
1097 4060 1172 4104 cum
1192 4041 1303 4104 Matre
1319 4041 1459 4126 Virgine

1123 4137 1361 4196 tutamentum.

1040 4343 1071 4408 O
1089 4343 1170 4408 selix
1186 4255 1351 4427 agnicula,

1034 4441 1162 4524 Agnes,
1178 4461 1275 4524 prece
1292 4445 1417 4525 sedula,

1036 4547 1149 4602 nostra
1167 4537 1217 4602 iac
1234 4539 1365 4622 piacula

1122 4635 1263 4718 expiari.

1040 4728 1115 4795 Duc
1131 4733 1173 4795 ad
1190 4731 1283 4815 Agni
1299 4733 1432 4816 pabula,

1038 4827 1220 4910 pastorissa
1236 4831 1382 4912 parvula,

1037 4944 1116 4987 oves
1133 4924 1237 5008 Agno
1253 4927 1374 5010 copula

1036 5101 1038 5106 Ι
1128 5021 1273 5088 salutari
