4116 5784
497 520 567 592 352
827 517 970 569 Pnosna
998 517 1205 568 acetasrna
1233 514 1471 570 nonrursnsrs

544 794 673 870 Gaude,
689 792 824 858 Christo
839 793 984 870 sociaris,

543 897 576 952 et
594 889 626 952 in
643 888 765 954 throno
781 889 958 966 coronaris,

544 995 642 1060 terra,
658 984 750 1060 mari,
766 984 949 1046 dominaris

588 1089 621 1144 et
638 1080 671 1144 in
687 1078 770 1143 caeli
786 1079 901 1161 gloria.

1176 792 1260 872 Ave,
1276 793 1383 878 Virgo
1399 791 1577 876 singularis

1175 907 1262 972 quae
1277 898 1329 954 tot
1344 888 1475 972 gaudiis
1491 888 1627 968 dotarls,

1178 995 1214 1048 tu
1231 1005 1292 1049 nos
1308 1005 1376 1049 non
1392 985 1599 1050 obliviscaris

1218 1089 1251 1144 et
1270 1081 1345 1145 Deo
1360 1081 1522 1160 concilia;

977 1265 1008 1330 Ο
1027 1263 1126 1328 beata
1144 1265 1259 1328 Maria.

541 1431 622 1486 Cette
637 1431 724 1484 Prose
737 1446 768 1484 se
778 1427 809 1483 lit
823 1428 895 1483 dans
919 1429 1123 1496 Bactrianum,
1146 1429 1309 1482 Parnassus
1328 1431 1577 1500 Marranns,1624,
1595 1448 1621 1502 p.
1634 1443 1692 1501 159.
1726 1433 1766 1486 Le

502 1521 578 1566 texte
591 1519 634 1565 est
645 1509 789 1580 identique
803 1509 821 1562 a
833 1508 904 1563 celui
916 1525 971 1579 que
981 1525 1053 1564 nous
1067 1509 1207 1578 publions.

806 1767 887 1839 245.
921 1741 995 1814 nn
1032 1740 1450 1816 Bassaniam.

810 1969 821 2016 l

544 2085 659 2166 Virgo,
675 2083 768 2166 virga
784 2081 865 2166 ligni
881 2081 980 2158 vitae,

544 2179 739 2264 perditionis
756 2179 865 2242 avitae

587 2277 791 2360 reparandae
808 2273 964 2352 stadium,

543 2372 650 2456 Virgo
665 2372 759 2435 cuius
774 2369 836 2434 flos
853 2379 886 2434 et
902 2368 1028 2432 fruetus

545 2467 633 2532 fixus
650 2467 741 2551 ligno
757 2467 850 2530 tersit
868 2465 976 2529 luctus

588 2565 682 2628 Evae
698 2563 796 2646 culpa
813 2562 972 2625 flentium.

807 2709 825 2754 2

543 2825 649 2908 Virga
665 2824 743 2890 fecit
759 2845 861 2908 aquas
878 2835 975 2901 stare,

545 2921 641 3005 plebs
659 2921 770 3004 Moysi
786 2921 905 2985 transit
921 2940 1011 2984 mare

589 3017 784 3100 Pharaoque
802 3017 982 3100 mergitur;

544 3113 651 3196 Virga
666 3134 763 3177 cruce
779 3113 931 3178 Christus
948 3111 1045 3194 fregit

544 3217 687 3292 stygem,
703 3229 748 3272 ex
763 3230 831 3292 quo
848 3209 935 3274 Suos
952 3207 1033 3290 legit

586 3314 620 3369 et
637 3306 743 3369 hostis
759 3303 982 3370 confunditur.

807 3454 823 3518 3

546 3569 653 3653 Virga
669 3569 764 3634 Aron
781 3569 880 3652 plena
896 3567 987 3646 flore,

548 3666 731 3730 sacerdotis
748 3666 781 3729 in
798 3665 925 3730 honore

591 3761 729 3846 protulit
745 3761 914 3845 amigdala
930 3783 938 3841 ;

546 3858 663 3941 Virgo,
679 3859 772 3941 virga
788 3878 894 3922 novae
911 3856 1002 3941 legis,

548 3955 730 4019 sacerdotis
746 3974 781 4018 es
797 3963 830 4018 et
846 3955 933 4038 regis

591 4051 759 4114 unctionis
776 4049 861 4116 fiala.

1436 1967 1458 2029 4

1178 2079 1285 2163 Virga
1300 2079 1343 2142 de
1359 2079 1469 2142 radice
1487 2080 1577 2144 lesse

1173 2185 1209 2239 tu
1226 2196 1271 2252 es,
1289 2175 1406 2258 Virgo,
1423 2195 1525 2257 quam
1542 2186 1575 2240 te
1591 2197 1664 2240 esse

1221 2271 1339 2335 Esaias
1354 2272 1482 2336 cecinit.

1175 2366 1293 2450 Virgo,
1309 2367 1411 2450 virga,
1427 2367 1541 2432 florem
1558 2368 1659 2433 istum

1174 2463 1340 2546 protulisti
1358 2463 1471 2528 Iesum
1489 2463 1670 2544 Christum,

1219 2580 1279 2624 nec
1297 2558 1413 2623 florere
1428 2560 1551 2624 desinit

1439 2703 1455 2771 5

1176 2823 1281 2908 Virga
1299 2823 1421 2907 loseph
1437 2822 1552 2888 florem
1570 2825 1671 2904 dedit,

1176 2929 1211 2985 et
1225 2919 1382 2984 columba
1398 2929 1515 2984 sancta
1530 2920 1618 2985 sedit

1219 3017 1253 3078 in
1270 3016 1343 3080 eius
1359 3016 1554 3096 cacumine;

1178 3111 1297 3195 Virgo,
1316 3111 1439 3194 loseph
1455 3113 1669 3194 desponsata,

1175 3208 1242 3272 iam
1260 3207 1404 3271 florescis
1420 3207 1620 3273 obumbrata

1223 3303 1349 3369 Sancto
1366 3303 1431 3368 Dei
1449 3303 1476 3367 F
1478 3303 1609 3369 lamine.

1437 3438 1459 3500 6

1178 3569 1295 3651 Virga,
1311 3578 1370 3634 tuo
1385 3568 1475 3633 dulci
1491 3578 1592 3646 tactu,

1177 3685 1251 3728 reos
1268 3675 1391 3742 mente,
1406 3665 1526 3744 verbis,
1541 3675 1627 3744 actu,

1221 3761 1296 3825 Deo
1312 3761 1490 3825 reconcilia
1504 3783 1511 3840 ;

1178 3857 1293 3940 Virgo,
1309 3866 1369 3922 tuo
1386 3877 1446 3922 nos
1462 3859 1629 3923 conductu

1179 3954 1339 4018 satiemur
1355 3963 1414 4018 tuo
1432 3953 1556 4018 Fructu

1222 4049 1255 4112 in
1272 4049 1410 4133 perenni
1426 4048 1543 4132 gloria.

541 4247 623 4303 Cette
637 4247 724 4302 Prose
738 4263 768 4303 se
782 4247 813 4302 lit
826 4247 898 4302 dans
912 4247 1117 4316 Brittannicus,
1130 4245 1295 4300 Parnassus
1304 4244 1553 4315 Man'anus,1624‚
1566 4263 1591 4317 p.
1598 4244 1657 4315 336.

544 4398 555 4438 1
571 4399 589 4438 o
619 4383 807 4454 reparationis
820 4383 972 4452 Marinen,
981 4383 1032 4439 tait
1041 4400 1078 4438 un
1088 4400 1151 4440 vers
1161 4382 1225 4438 faux
1234 4393 1262 4439 et
1272 4381 1369 4438 n'oflre
1376 4401 1467 4439 aucun
1479 4401 1552 4440 sens.
1563 4383 1769 4438 BALJNGHsrr

508 4479 645 4518 conserve
658 4465 684 4518 le
696 4481 761 4520 vers
773 4463 839 4518 saux
851 4473 879 4518 et
893 4463 929 4519 lul
941 4473 999 4518 met
1012 4474 1086 4519 cette
1094 4474 1161 4520 note
1174 4481 1180 4519 :
1193 4464 1242 4518 rra
1251 4469 1381 4519 corrstrno
1392 4484 1402 4518 .·
1423 4465 1549 4518 stadium
1570 4467 1765 4536 reparationis

503 4543 678 4615 perditionis
689 4545 792 4598 avitae.
826 4544 907 4598 Nous
921 4561 1042 4613 croyons
1054 4561 1091 4599 au
1111 4543 1252 4600 contraire
1273 4543 1338 4614 qu¹ll
1352 4543 1411 4599 saut
1432 4544 1556 4614 corriges
1568 4562 1575 4600 ε
1588 4545 1768 4615 reparandae

508 4621 556 4694 qui
570 4623 645 4678 alors
660 4641 690 4678 se
710 4633 843 4694 rapporte
865 4623 882 4678 a
888 4623 1069 4693 perditionis.
1101 4629 1122 4679 d
1155 4622 1242 4694 Virga
1256 4624 1469 4679 BnerNGHaM.

541 4717 592 4758 aa
621 4720 710 4776 aquas
724 4703 791 4758 dare
806 4704 1016 4758 Berrncrrarr.
1049 4721 1066 4758 e
1096 4721 1130 4760 ex
1143 4721 1199 4774 qua
1211 4705 1426 4758 BALrNGHEM.

541 4796 557 4851 3
570 4799 590 4838 a
621 4784 717 4838 Aaron
731 4784 877 4838 Morinen.
891 4783 1104 4854 BALINGHEM,
1118 4785 1213 4839 donne
1227 4799 1281 4838 une
1294 4783 1403 4852 syllabe
1416 4783 1451 4840 de
1465 4795 1537 4856 trop.

542 4874 555 4931 5
570 4877 590 4916 a
603 4861 691 4933 Virgo
703 4864 916 4933 Barrn'orrarr,
930 4865 1076 4918 mauvaise
1087 4863 1251 4920 correction.
1283 4863 1306 4916 ll
1327 4863 1408 4932 s’agit
1426 4863 1460 4918 ici
1482 4864 1518 4919 de
1538 4864 1565 4917 la
1586 4858 1721 4916 tradition
1740 4859 1765 4915 si

505 4941 617 4998 celebre
629 4959 665 4996 au
680 4944 870 5012 Moyen·Age,
884 4941 994 5014 d'apres
1014 4944 1135 5016 laquelle
1154 4945 1181 4999 le
1200 4943 1288 4998 baton
1302 4942 1339 4998 de
1359 4942 1441 4998 Salat
1453 4942 1562 5013 Joseph
1575 4939 1664 4996 aurait
1676 4939 1765 5010 fleuri,

506 5021 600 5078 tandis
614 5039 669 5094 que
682 5039 753 5080 ceux
764 5024 816 5080 des
836 5033 930 5080 autres
942 5023 1128 5096 pretendants
1141 5023 1228 5081 serait
1241 5023 1375 5080 demeare
1388 5023 1532 5081 desseche.
