4108 5794
639 537 782 589 puosns
810 538 1017 590 uccensma
1045 539 1259 590 uunnuusu
1517 541 1586 608 199

371 863 401 928 Ο
418 883 512 926 mens
529 863 672 926 tendens
687 863 730 926 ad
748 883 901 945 superna,
1001 863 1205 946 Speculandi
1222 884 1282 946 spe
1298 863 1419 947 quietis

371 958 401 1024 Ο
417 958 465 1022 sal
482 967 598 1034 terrae,
615 957 646 1022 Ο
663 958 806 1036 lucerna,
1002 959 1120 1023 cellam
1138 961 1235 1023 struit
1252 961 1284 1022 in
1302 961 1427 1024 rubetis

370 1054 442 1118 luce
457 1054 639 1137 splendens
656 1056 868 1136 sempiterna,
1001 1067 1148 1137 pastum,
1164 1065 1292 1138 potum,
1309 1056 1419 1132 Ceres,
1435 1057 1562 1133 Thetis,

411 1149 518 1214 latens
536 1170 603 1214 non
620 1151 682 1214 sub
699 1152 834 1215 modio!
1044 1154 1097 1215 cui
1114 1153 1196 1215 dant
1213 1153 1383 1229 libamina,

370 1245 444 1310 Flet
466 1247 606 1310 antistes
624 1247 655 1309 in
674 1267 782 1329 agone
1002 1248 1102 1311 Nunc
1119 1247 1151 1310 in
1169 1249 1244 1311 imis
1261 1257 1426 1330 operatur,

368 1362 402 1404 se
419 1341 567 1406 frustrari
584 1363 643 1425 spe
659 1362 812 1421 coronae,
1000 1364 1088 1407 nunc
1106 1343 1139 1406 in
1156 1345 1296 1408 summis
1309 1345 1565 1428 contemplatur,

369 1440 567 1520 repromissa
585 1440 713 1502 visione
1000 1439 1129 1522 duplex
1146 1441 1192 1506 ita
1208 1441 1380 1505 colebatur

411 1534 540 1616 spirans
559 1555 618 1617 pro
634 1535 802 1618 martyrio.
1046 1537 1229 1620 vitasacro
1243 1537 1403 1604 Flamine.

576 1769 579 1776 Ι
629 1684 650 1747 6
1263 1688 1282 1749 8

370 1827 482 1893 Calice
498 1831 540 1894 de
556 1831 721 1914 passionis
1000 1832 1088 1898 Cum
1105 1832 1268 1915 triumphi
1285 1834 1390 1916 gades
1408 1833 1493 1912 fixit,

370 1924 454 1989 bibit
471 1927 538 1990 veri
557 1927 749 1993 Salomonis
1000 1929 1145 2007 Christ0,
1162 1931 1213 1994 cui
1231 1939 1323 1993 totus
1339 1929 1444 1994 vixit:

369 2019 444 2084 licet
459 2023 543 2086 citra
558 2021 624 2087 vim
644 2025 811 2089 mucronis
999 2031 1016 2058 “
1032 2026 1133 2088 Hunc
1148 2025 1351 2089 commendo
1365 2026 1451 2104 Tibi,
1464 2027 1480 2054 '³
1491 2027 1590 2110 dixit,

414 2117 529 2181 mortis
546 2120 758 2198 cruciamina,
1044 2126 1061 2154 “
1075 2123 1151 2186 Iesu
1170 2121 1266 2199 bone,
1282 2124 1435 2205 spiritum
1452 2143 1460 2202 ;
1475 2123 1492 2151 '’

372 2212 463 2276 Inter
478 2215 599 2296 probra
616 2225 666 2280 tot
682 2225 845 2282 tortorum
1001 2219 1112 2284 Corde
1128 2239 1258 2282 sursum
1275 2219 1415 2296 elevato

373 2307 523 2374 fremitus
540 2321 590 2375 tot
607 2323 826 2395 tyrannorum
1003 2315 1227 2397 fratribusque
1243 2314 1317 2378 vale
1333 2315 1423 2393 dato,

375 2402 449 2468 fidei
467 2419 717 2488 persecutorum
1003 2421 1100 2494 raptu
1118 2411 1244 2494 rapitur
1259 2411 1359 2473 beato

415 2503 503 2567 vitae
519 2511 571 2569 tot
586 2505 787 2572 discrimina.
1044 2506 1127 2571 caeli
1144 2507 1186 2576 ad
1204 2508 1399 2571 exercitum.

950 2673 972 2738 9

698 2809 729 2875 O
747 2807 926 2888 Anschari,
942 2819 1057 2892 pastor
1072 2808 1136 2892 pie,

697 2915 916 2970 venerantum
933 2914 967 2968 te
983 2904 1046 2969 hoc
1063 2905 1117 2968 die

699 3011 771 3066 esto
787 3003 908 3066 ductor
923 3001 1021 3065 huius
1037 3002 1111 3065 viae

740 3099 899 3161 virtutum
917 3097 950 3160 in
966 3099 1157 3180 gressibus3

698 3196 737 3258 In
755 3195 818 3258 hac
834 3193 921 3258 valle
937 3195 1112 3277 peregrina

695 3311 831 3374 gregem
849 3291 891 3354 ad
909 3291 995 3354 ovile
1012 3292 1111 3368 mina,

697 3409 738 3451 ne
755 3397 920 3451 errantem
939 3387 1020 3450 saux
1038 3386 1153 3470 lupina

740 3485 849 3548 saevis
864 3493 959 3548 voret
976 3485 1149 3548 morsibus.

334 3669 445 3806 Pfiettp
458 3671 582 3806 piecegsbe
595 3682 697 3727 trouve
710 3673 856 3742 imprimee
870 3673 943 3727 dans
958 3675 988 3727 L.
1004 3674 1141 3742 DREvEs,
1155 3671 1243 3726 Leben
1256 3673 1303 3726 des
1317 3671 1453 3742 Heiltgen
1467 3671 1587 3740 Amger.

356 3767 372 3804 n
393 3770 423 3806 er
443 3770 504 3821 orn,
522 3767 530 3805 1
572 3767 596 3818 4.

367 3911 408 3953 te
440 3899 531 3969 psalle
544 3915 617 3953 cano
630 3899 758 3954 Bremen.

365 3983 414 4032 ab
446 3978 708 4048 Norbalbingorum
722 3981 850 4033 Bremen.
883 3983 904 4031 h
935 3977 1125 4032 sacerdotium
1136 3979 1264 4032 Bremen.

363 4063 412 4122 4d
442 4059 569 4113 exsulem
582 4059 710 4114 Bremen.
739 4077 756 4114 e
780 4057 889 4127 fulgent
901 4057 1045 4115 DREVES.

369 4150 381 4206 5
447 4137 585 4192 urrvrs
597 4139 678 4208 place
691 4138 726 4194 ici
740 4148 821 4193 notre
835 4135 972 4208 septieme
989 4137 1113 4207 strophe.

368 4223 417 4284 7d
448 4218 498 4272 dat
510 4218 659 4274 urruns.

371 4311 419 4366 9a
449 4309 531 4368 pater
543 4299 686 4354 Duum.
719 4317 737 4353 o
767 4297 843 4352 vitae
854 4297 998 4364 Duum,
1012 4294 1188 4350 contrairet
1213 4296 1240 4348 la
1262 4293 1340 4348 rime.
1369 4299 1389 4348 d
1422 4292 1449 4348 in
1468 4309 1592 4363 manque

339 4376 408 4432 dans
421 4379 550 4434 Bremen.
