4102 5792
657 527 799 580 PROSAE
826 526 1030 580 ECCLESIAE
1057 523 1304 580 EBROI'CENSIS
1470 519 1475 529 ¹
1541 529 1611 603 505

388 712 599 762 Manuserits.
621 690 773 762 Evuuux:
796 705 896 761 Musee
909 705 946 762 de
955 707 983 760 la
995 705 1080 776 Ville,
1092 721 1134 776 99,
1148 706 1247 762 Missel
1258 690 1409 776 d’Evreux,
1417 705 1515 777 (ayant
1523 716 1614 762 autre·

353 787 406 842 fois
419 797 577 858 appartenu
595 787 612 840 i
626 786 718 840 Raoui
731 787 769 840 du
784 785 866 855 Fou),
880 794 928 840 xv⁹
937 785 1031 853 siecle,
1045 787 1074 839 E
1081 787 1108 842 V.
1136 788 1269 842 ROUEN:
1290 785 1362 842 Bibl.
1372 786 1408 842 de
1421 786 1449 842 la
1459 786 1541 856 Ville,
1553 801 1614 856 304,

356 867 454 923 Missei
468 851 618 935 d’Evreux,
632 873 679 920 xue
688 865 781 935 siecle,
795 867 860 920 RN.

392 1015 402 1054 1
418 1005 439 1054 b
470 1001 531 1054 Rex
544 1015 667 1070 manque
681 999 753 1054 dans
767 999 917 1053 Lexovien.

389 1094 436 1148 3⁰
466 1077 623 1134 admiratur
634 1079 785 1133 Lexovien.
817 1083 832 1132 s
861 1078 1069 1149 contemplatur
1081 1079 1232 1133 Lexovien.

389 1174 406 1226 4
419 1176 436 1214 e
467 1159 537 1214 abiit
551 1159 702 1213 Lexovien.
716 1176 779 1213 vers
792 1158 866 1215 faux.

391 1244 441 1309 51)
472 1239 510 1293 ob
523 1239 649 1293 savorem
662 1238 812 1292 Lexom'en.
842 1256 860 1293 e
888 1237 916 1293 in
929 1246 1124 1308 contemptum
1137 1238 1287 1293 Lexovrirn.

389 1318 439 1386 63
470 1319 571 1388 plenus
585 1317 640 1372 Dei
654 1318 805 1373 Lexovien.

390 1411 406 1464 7
420 1415 437 1451 e
467 1397 598 1452 caelestis
612 1397 707 1452 curiae
720 1398 871 1452 Lexom'en.

389 1478 440 1532 8d
472 1478 551 1531 Deus
569 1487 633 1546 post
652 1477 802 1530 lexovien.
836 1477 980 1532 Christum
993 1477 1095 1547 postE
1101 1477 1129 1531 V.
1144 1476 1291 1530 Ebror'cen.
1320 1495 1337 1532 e
1362 1475 1535 1531 inmeritum
1550 1474 1613 1531 RN.

647 1823 728 1909 361.
763 1817 837 1889 uu
868 1795 1091 1892 §Aucro
1123 1817 1333 1890 MAVRO.

664 2085 675 2128 1
1289 2081 1311 2142 4

444 2190 582 2253 Maurus
598 2201 693 2272 pater
710 2192 854 2274 inclytus
1077 2193 1187 2256 Huius
1204 2192 1246 2255 ab
1263 2192 1403 2274 imperio

443 2289 532 2352 adsit
549 2289 645 2352 nobis
661 2289 810 2366 caelitus,
1076 2310 1191 2373 presso
1206 2291 1292 2372 pede
1309 2289 1409 2352 fluvio

445 2384 532 2448 vitae
547 2385 633 2449 dans
650 2386 816 2461 solatium,
1077 2408 1222 2452 mersum
1239 2387 1346 2450 salvat
1364 2384 1535 2449 Placidum
1553 2406 1560 2461 ;

445 2479 511 2563 Qui
528 2481 668 2545 calcavit
686 2484 818 2564 penitus
1075 2485 1214 2550 Claudis
1230 2495 1319 2548 recte
1335 2501 1481 2566 pergere,

444 2577 496 2639 hic
514 2577 545 2640 in
563 2597 663 2642 carne
678 2581 808 2660 positus
1074 2583 1164 2664 loqui
1183 2581 1293 2656 mutiS,
1308 2599 1443 2643 cernere

443 2693 543 2736 omne
561 2675 676 2738 mundi
693 2677 862 2757 gaudium.
1075 2700 1175 2742 caeco
1191 2679 1284 2742 dedit
1301 2677 1459 2742 lucidum.

663 2810 681 2856 ²
1062 2869 1066 2879 .
1297 2809 1311 2877 5

449 2906 514 2969 Hic
530 2908 573 2970 de
589 2908 679 2972 claro
695 2912 830 2988 semine,
1075 2914 1197 2976 Tribus
1213 2913 1316 2976 vitam
1333 2907 1474 2974 mortuis

446 3001 506 3066 flos
522 3005 564 3067 de
580 3004 720 3087 pulchro
736 3009 885 3089 germine
1074 3011 1182 3092 aegris
1198 3019 1300 3092 atque
1315 3008 1415 3072 fatuis
1518 3053 1521 3066 ,

445 3113 637 3167 senatorum
655 3108 779 3188 prodiit
795 3130 802 3186 ;
1076 3107 1446 3191 sanitatem'praebuit;

446 3203 668 3269 Duodennem
688 3227 827 3289 puerum
1082 3211 1145 3274 His
1161 3211 1324 3274 virtutum
1339 3207 1474 3272 floribus

445 3311 581 3364 sanetus
598 3313 692 3384 pater
707 3313 858 3370 tenerum
1076 3328 1226 3385 vernans,
1242 3300 1324 3370 caeii
1341 3306 1469 3370 civibus

448 3398 649 3463 Benedictus
666 3403 791 3468 nutriit.
1076 3407 1178 3488 digne
1195 3405 1286 3489 iungi
1304 3405 1432 3470 meruit.
1502 3395 1505 3400 ’

448 3626 565 3692 Carnis
581 3631 698 3696 domat
715 3634 803 3711 vitia,
1078 3640 1151 3702 Iam
1168 3638 1298 3720 fulgens
1316 3638 1348 3700 in
1365 3635 1471 3718 gloria

447 3728 567 3793 florens
583 3735 753 3814 pudicitia,
1077 3751 1144 3818 tua,
1162 3741 1288 3817 Maure,
1304 3740 1411 3822 gratia

448 3823 521 3902 fide,
536 3829 613 3906 vita,
630 3831 777 3896 moribus
793 3855 799 3909 ;
1077 3858 1137 3901 nos
1154 3836 1291 3898 infunde
1308 3835 1437 3918 iugiter,

448 3923 504 3988 Sic
520 3925 624 4006 patris
640 3929 780 4011 vestigia
1078 3934 1203 3996 Nostra
1221 3953 1296 4014 rege
1313 3942 1474 4014 tempora,

447 4039 588 4101 sequens
605 4043 736 4106 semper
753 4030 886 4108 praevia
1077 4039 1191 4094 nostra
1206 4049 1301 4093 serva
1316 4050 1464 4112 corpora,

447 4115 587 4198 refulget
603 4119 788 4185 virtutibus.
1079 4136 1216 4204 mentes,
1232 4127 1332 4189 corda
1349 4126 1480 4207 pariter.

980 4247 999 4312 7

797 4341 846 4405 Ut
863 4352 939 4424 post
957 4345 1073 4408 mortis
1088 4347 1195 4410 tristia

796 4439 827 4499 in
845 4458 989 4520 superna
1005 4441 1095 4504 curia

797 4533 948 4597 vivamus
965 4538 1163 4618 perenniter.

395 4691 606 4744 Manuserits.
628 4691 740 4748 Puris:
761 4695 1036 4766 Bibl.Nat.,12060,
1055 4701 1155 4757 Missel
1177 4703 1213 4757 de
1235 4701 1415 4758 saint-Maur
1433 4701 1484 4757 des
1509 4702 1623 4774 Fosses,

359 4764 416 4819 >rive
426 4764 521 4834 siecle,
535 4768 568 4822 P.
601 4753 752 4826 Evuuux:
778 4775 879 4830 Musee
892 4777 928 4832 de
941 4779 969 4832 la
983 4779 1064 4848 Ville,
1077 4797 1120 4848 99,
1136 4781 1235 4836 Missel
1255 4765 1403 4850 d’iivreux,
1424 4791 1509 4854 ayant
1532 4791 1622 4842 autre·

359 4843 413 4898 sois
427 4855 584 4916 appartenu
599 4848 615 4902 ir
629 4851 721 4905 Raoul
735 4853 773 4908 du
788 4854 859 4924 Fou,
871 4864 918 4910 xv⁸
929 4857 1024 4928 siecle,
1038 4859 1066 4912 E
1073 4861 1100 4916 V.

397 4995 413 5049 3
425 4999 443 5036 e
475 4999 587 5054 semper
599 5003 722 5058 sequens
735 4991 765 5044 E
771 4991 799 5046 V.
810 4993 956 5050 Ebror'cen.
