4102 5792
506 550 647 602 PROSAE
676 549 878 601 ECCLESIAE
905 553 933 600 S.
955 550 1145 602 STEPHANI
1173 550 1420 602 DlVlONENSIS
1515 551 1587 621 433

578 751 661 824 304.
693 728 769 802 DE
799 727 1023 803 SANCTO
1056 728 1364 802 MAMMETE.

365 928 388 975 1.
412 910 637 991 Omnipotens
655 911 757 988 Deus,
773 909 863 974 salus
880 919 994 973 nostra
1010 928 1097 986 vera,

360 1060 386 1105 2.
412 1042 515 1107 Cuius
531 1042 672 1125 imperio
688 1041 842 1106 subditur
857 1051 1019 1119 creatura,

359 1155 386 1218 3.
412 1139 472 1201 Per
487 1157 587 1220 quem
604 1139 794 1201 veneranda
811 1137 916 1220 fulget
932 1137 992 1201 lux
1010 1137 1171 1200 hodierna
1186 1159 1193 1214 ;

357 1289 387 1350 4
410 1270 550 1336 Creator
565 1272 716 1334 omnium
733 1290 876 1352 regnans
893 1289 952 1352 per
969 1267 1101 1332 saecula
1117 1267 1332 1350 sempiterna,

362 1381 387 1447 5.
412 1367 505 1430 Deus
521 1366 623 1431 homo
639 1365 746 1431 lactus
764 1375 801 1430 ut
817 1364 1011 1428 transferres
1028 1364 1181 1428 homines
1197 1365 1238 1426 ad
1256 1383 1410 1445 superna,

360 1497 390 1560 6.
412 1496 465 1560 Tu
482 1517 517 1558 es
533 1497 670 1560 victoria
686 1497 861 1562 beatorum
879 1505 1065 1578 martyrum
1084 1504 1118 1559 et
1134 1512 1267 1570 corona,

362 1607 388 1672 7.
414 1593 563 1656 Perfecta
579 1593 700 1656 caritas
716 1601 750 1656 et
766 1591 918 1656 laborum
937 1591 1068 1674 requies
1086 1599 1162 1673 post
1180 1599 1356 1667 tormenta,

363 1728 390 1788 8.
414 1725 540 1790 ORex
557 1727 728 1802 immense,
745 1725 848 1804 Deus,
875 1735 1071 1789 sanctorum
1098 1724 1215 1806 gloria,
1236 1723 1386 1806 probatis
1412 1743 1470 1806 per
1496 1732 1600 1786 certa·

471 1822 562 1884 mina
574 1832 700 1904 quanta
716 1821 840 1904 parasti
859 1841 997 1884 munera
1012 1820 1018 1883 l

362 1935 391 1997 9.
417 1918 488 1980 Iam
520 1917 653 1980 subdita
684 1918 734 1980 Te
764 1919 1024 1980 contremiscunt
1057 1924 1190 1990 tartara,
1222 1915 1309 1996 regis
1341 1915 1415 1978 Tua
1450 1914 1602 1998 potentia

471 2012 611 2090 caelum,
630 2033 730 2091 mare,
747 2014 924 2089 terrestria,

348 2157 391 2205 10.
415 2140 492 2204 Tibi
509 2161 657 2205 consona
673 2141 804 2206 cantica
819 2141 949 2224 plaudit
966 2141 1117 2204 caelestis
1141 2149 1275 2204 caterva
1301 2139 1364 2204 hac
1394 2140 1449 2204 die
1474 2141 1507 2204 in
1535 2161 1602 2224 qua

471 2237 562 2300 venit
580 2239 748 2302 Mammes
764 2257 840 2300 curn
858 2237 970 2300 laurea
986 2238 1028 2300 ad
1046 2235 1191 2318 paradisi
1209 2235 1340 2318 gaudia.

347 2329 447 2396 11.0
478 2333 641 2414 patientia
671 2331 808 2396 serendo
839 2333 974 2395 vincens
1004 2332 1118 2414 gravia
1136 2341 1169 2394 et
1196 2331 1281 2394 dura
1309 2331 1601 2414 discrimina;per

472 2427 605 2492 diversa
620 2427 784 2512 supplicia
800 2427 917 2491 crescit
934 2436 1040 2492 mater
1057 2425 1216 2490 Ecclesia.

351 2577 394 2625 12.
419 2560 527 2637 Salve,
543 2571 734 2626 sanctorum
747 2563 857 2641 decuS,
869 2563 945 2626 Rex
963 2561 1104 2641 Christe,
1120 2583 1178 2644 per
1190 2562 1383 2626 Mammetis
1400 2583 1493 2626 sacra
1510 2562 1601 2627 salva

475 2677 535 2719 nos
552 2659 679 2722 merita.

351 2768 395 2830 13.
419 2751 450 2817 O
467 2751 528 2816 flos
545 2763 738 2835 martyrum,
756 2753 931 2831 Mammes,
944 2755 1003 2818 tibi
1021 2754 1114 2830 laus;
1131 2753 1264 2836 puerilis
1277 2772 1412 2834 gemma
1429 2765 1602 2836 precantes

474 2849 604 2926 adiuva,

351 2995 394 3056 14
421 2977 569 3041 Invictus
584 2977 719 3053 athleta,
736 2976 812 3040 fidei
840 2977 1005 3053 columna,
1020 2987 1142 3040 cuncta
1167 2978 1319 3058 sprevisti
1347 2987 1515 3042 tormenta
1542 2998 1602 3062 pro

474 3073 610 3155 perenni
628 3073 695 3136 vita
711 3095 719 3151 ;
735 3072 811 3136 Deo
827 3082 872 3148 tu,
896 3073 1032 3136 victima
1048 3071 1196 3154 pacifica,
1215 3073 1365 3136 obtulisti
1393 3083 1490 3155 grata
1520 3073 1602 3138 liba-

474 3170 573 3245 mina,
592 3169 708 3231 mundi
723 3169 833 3233 cordis
850 3168 991 3231 lundens
1008 3177 1167 3231 aromata.

350 3279 393 3345 15.
420 3265 491 3327 lam
508 3284 582 3326 cum
602 3263 736 3328 Christo
752 3283 854 3346 regna
870 3264 1021 3346 possides
1037 3283 1180 3344 superna
1196 3285 1203 3340 ;
1219 3263 1307 3326 laesa
1321 3273 1354 3326 et
1367 3264 1466 3327 nimis
1476 3263 1602 3327 inculta

475 3360 600 3423 munda
616 3360 717 3423 corda
730 3369 843 3422 nostra
860 3381 866 3432 ;
883 3369 941 3422 tua
953 3357 1136 3422 recolentes
1148 3357 1323 3422 sollemnia
1335 3357 1476 3422 transfer
1491 3369 1601 3424 tecum

476 3457 517 3519 ad
536 3477 612 3518 vera
627 3456 760 3538 gaudia,
777 3455 882 3518 melos
899 3455 1036 3517 laudum
1054 3465 1089 3516 ut
1105 3463 1279 3516 cantemus
1295 3475 1371 3518 una.

352 3585 397 3650 16.
421 3583 506 3650 Cum
525 3585 602 3648 Rex
619 3585 772 3650 Christus
789 3585 821 3648 in
839 3585 894 3648 die
909 3603 1066 3666 suprema
1090 3583 1266 3666 apparebit
1284 3583 1369 3647 facie
1397 3585 1505 3662 beata,
1522 3595 1602 3648 tunc

477 3701 547 3757 nos,
564 3689 698 3764 martyr,
714 3679 896 3744 clementer
912 3699 1046 3743 excusa.

352 3791 398 3856 17.
422 3775 472 3842 Ut
488 3775 631 3859 expulsa
647 3785 859 3858 peccatorum
877 3774 1007 3851 nebula,
1022 3774 1170 3838 decorati
1194 3773 1281 3837 stola
1298 3775 1498 3857 incorrupta,
1515 3785 1606 3841 tran-

477 3891 610 3936 seamus
625 3873 668 3935 ad
686 3872 774 3934 vitae
790 3891 923 3954 pascua.

353 4005 398 4067 18.
423 4001 492 4067 Ubi
508 4003 676 4086 Regnanti
694 4023 752 4086 per
767 4003 899 4066 saecula
916 4003 1092 4066 iubilemus
1108 4021 1245 4066 omnes:
1263 4001 1416 4066 Alleluia.

383 4155 593 4205 Manusorits.
617 4151 729 4204 Pnttts:
745 4150 816 4206 Bibl.
838 4151 914 4218 Nat,
931 4163 1024 4219 10511,
1039 4149 1173 4217 Graduel,
1186 4149 1340 4218 xiisstecle
1354 4151 1400 4216 R,·
1431 4152 1491 4219 879,
1507 4150 1607 4206 Missel

348 4229 501 4364 itelgglilze
515 4213 734 4362 {aiot-Etienne
747 4229 783 4285 de
795 4229 891 4299 Dijon‚
904 4237 951 4283 xv⁰
958 4228 1053 4297 siecle,
1073 4229 1097 4282 S
1102 4249 1118 4294 ,·
1152 4241 1245 4298 15105,
1271 4229 1400 4286 Prosaire
1420 4247 1490 4287 avec
1502 4232 1608 4301 gloses‚

492 4350 499 4378 ,
543 4350 550 4364 .

387 4433 396 4472 1
418 4429 515 4473 nostra
528 4419 605 4472 salus
625 4419 654 4472 Υ.
684 4435 751 4472 vera
764 4435 887 4490 manque
899 4418 972 4472 dans
992 4419 1023 4472 1¹.

385 4513 401 4566 3
420 4499 446 4552 O
459 4513 546 4568 quam
559 4497 722 4552 veneranda
734 4499 768 4552 R.

385 4591 402 4643 4
422 4576 614 4631 Parallelisme
628 4577 777 4646 impariait.
800 4575 904 4630 Faut-il
916 4575 1058 4645 corriger:
1077 4578 1130 4645 qui
1140 4578 1269 4644 regnas?

389 4669 401 4724 5
421 4657 511 4710 factus
524 4673 555 4710 es
571 4657 603 4709 R.
638 4666 668 4709 ut
682 4655 845 4710 transferret
860 4658 889 4710 S.
905 4655 936 4710 Υ.

387 4748 403 4803 9
422 4737 530 4790 Tecum
544 4735 711 4790 tremiscunt
731 4737 761 4788 l'.

375 4828 404 4879 14
422 4831 473 4885 pro
486 4831 611 4885 manque
624 4815 696 4868 dans
710 4816 740 4868 S.
758 4813 789 4867 Υ.

376 4893 664 4965 15p0ss1denss.r.
696 4909 818 4963 superne
832 4893 904 4947 115.
922 4893 953 4947 Υ.
985 4891 1060 4947 laeta
1073 4902 1100 4946 et
1114 4891 1200 4946 nimis
1214 4893 1244 4947 S.
1276 4903 1303 4948 et
1317 4893 1401 4948 nimis
1414 4905 1442 4949 et
1456 4894 1562 4950 inculta
1583 4897 1614 4951 Υ.

377 4987 406 5040 17
425 4975 523 5029 nubila
543 4975 574 5028 l'.

379 5053 408 5108 18
429 5054 472 5110 lbi
487 5055 519 5108 R.

418 5187 434 5221 Β
1532 5175 1560 5218 28
