4108 5794
573 525 716 577 PROSAE
744 525 947 578 ECCLESIAE
974 529 1269 583 THARENTASIAE
1485 533 1555 604 259

307 722 386 794 170.
417 701 492 776 DE
523 701 560 776 S.
587 702 795 780 IACOBO
816 705 1276 892 ssggffigiPISCOPO
1298 711 1559 785 THAREN-

609 968 620 1013 1
975 955 1184 1021 Arelatensis
1201 959 1342 1023 moritur

431 1053 587 1119 Laudum
604 1056 783 1138 praeconia
972 1051 1113 1134 praesul,
1130 1052 1214 1118 alter
1230 1053 1371 1137 eligitur.

430 1150 539 1217 solvat
554 1151 698 1216 celebria
1237 1197 1256 1262 7

471 1246 569 1312 turba
587 1246 713 1313 fidelis:

431 1342 574 1407 lacobus
590 1343 697 1426 gloria

432 1437 537 1521 fulget
552 1441 688 1517 eximia,
711 1431 715 1438 ’

475 1556 618 1618 regnans
631 1537 663 1599 in
681 1535 789 1600 caelis.

606 1649 624 1695 2
667 1647 670 1650 .

347 1725 457 1788 Deum
474 1745 617 1810 sequens
633 1747 717 1810 pura
735 1735 856 1803 mente,
1239 1727 1257 1786 8

346 1831 457 1905 spreto
474 1825 601 1889 mundo
613 1833 845 1900 marcessente,
978 1833 1194 1897 Mansuetum
1211 1836 1297 1899 sicut
1312 1855 1409 1898 ovem

389 1920 513 2001 r'espuit
529 1929 563 1984 et
579 1920 671 1984 idola
685 1943 692 1999 ;
977 1931 1068 2012 quod
1085 1930 1228 1993 donarat
1246 1932 1345 1994 morti
1362 1930 1482 1994 bovem

347 2014 556 2098 Paganorum
573 2027 685 2101 spreta
701 2025 814 2100 gente,
1023 2045 1135 2088 ursum
1152 2026 1345 2109 subiugavit
1361 2048 1368 2104 ;

345 2111 533 2194 baptizatus
550 2123 601 2177 est
618 2123 766 2196 repente,
981 2120 1057 2202 lpse
1074 2121 1139 2184 Dei
1155 2123 1198 2185 ad
1214 2121 1377 2185 honorem

388 2208 530 2272 devotus
546 2209 685 2286 deicola,
804 2227 805 2230 ’
978 2217 1125 2299 quinque
1142 2219 1244 2299 pedes
1260 2227 1377 2281 contra
1395 2237 1520 2282 morem

609 2323 626 2386 3
1020 2315 1150 2377 trabem
1167 2315 1407 2398 augmentavit.
1434 2339 1436 2346 ·

393 2399 432 2462 In
450 2398 515 2464 fide
532 2402 686 2479 novitius,

393 2494 568 2560 Fortunati
585 2498 702 2572 socius,
1240 2471 1261 2533 9
1322 2573 1329 2586 .
1381 2575 1388 2588 ·

392 2591 480 2654 viam
497 2592 568 2655 eius
584 2593 733 2675 sequitur
748 2615 755 2668 ;
1023 2570 1151 2636 COTVUS
1167 2592 1266 2656 quem
1283 2584 1405 2656 erlputt

394 2685 469 2749 Non
487 2699 559 2750 erat
574 2697 654 2752 tunc
671 2688 755 2751 alius
1021 2667 1164 2730 ocellum
1181 2669 1325 2732 restituit

390 2781 505 2845 vivens
521 2803 561 2846 eo
577 2785 691 2847 durius
709 2807 716 2847 z
1065 2763 1227 2828 batulasstt
1244 2767 1348 2840 asino.

391 2876 434 2939 ob
451 2877 513 2941 hoc
530 2899 597 2942 non
614 2878 785 2943 deseritur.
1025 2860 1070 2924 Et
1085 2862 1167 2924 dum
1185 2861 1234 2925 ⁵0¹
1252 2863 1398 2939 incaluit,

609 2994 631 3054 4
1022 2957 1112 3037 quod
1130 2967 1209 3020 tunc
1227 2960 1287 3021 nix
1304 2960 1452 3022 induruit

349 3067 433 3134 Cum
451 3071 606 3134 draconis
622 3090 821 3154 oppressura
1057 3049 1193 3156 lactum
1212 3063 1262 3116 est
1279 3074 1299 3116 a
1316 3054 1476 3117 DOmlssl'·

310 3189 312 3197 ⁸
348 3177 575 3230 concremaret
591 3187 726 3250 prorsus
743 3185 817 3228 rura
1233 3197 1272 3243 10

393 3260 575 3325 Lirinensis
591 3262 728 3338 insulae,

351 3354 427 3418 Fuit
443 3357 473 3420 ei
490 3359 607 3440 ingens
623 3378 702 3422 cura

351 3471 519 3516 removere
534 3474 633 3536 prece
649 3474 732 3537 pura

393 3558 522 3630 pestem
539 3551 656 3614 mortis
672 3549 832 3614 aemulae.

933 1305 1130 1370 Honoratus
1146 1306 1397 1371 Arelatensium

930 1400 1130 1466 sublimatur
1145 1403 1188 1466 ad
1205 1403 1412 1485 episcopium
1431 1426 1438 1480 ;

931 1495 1146 1562 Cendronitis
1162 1499 1305 1562 lacobus
1321 1500 1475 1581 praefuit,

931 1591 987 1655 ubi
1004 1593 1108 1676 signis
1123 1613 1302 1658 coruscans
1319 1594 1437 1658 floruit.

981 3297 1098 3361 Homo
1114 3298 1260 3380 simplex
1277 3309 1313 3362 ut
1330 3299 1486 3362 columba

980 3393 1013 3455 in
1030 3393 1177 3457 defuncti
1193 3395 1275 3457 dum
1293 3394 1349 3456 flet
1368 3394 1485 3458 tumba

1023 3490 1201 3553 suscitatur
1217 3510 1357 3572 propere
1371 3513 1377 3567 ;

983 3583 1047 3646 Die
1063 3595 1182 3667 quarta
1198 3587 1376 3648 suscitatus

615 3660 630 3726 5
982 3690 1033 3743 est
1050 3682 1245 3762 magistrum
1265 3682 1413 3745 imitatus

353 3738 534 3824 Postquam
551 3743 653 3806 draco
668 3743 843 3824 disparuit,

351 3833 417 3898 illic
435 3845 576 3919 uterque
591 3836 707 3914 voluit,

355 3929 434 4012 Ipsa
449 3951 583 4015 quoque
599 3933 778 4015 provincia,

353 4024 485 4090 fundari
503 4029 713 4104 monasteria,
988 4024 1058 4086 Nos
1076 4025 1246 4088 imitantes
1264 4025 1424 4088 Iacobum

614 4126 636 4186 6
983 4121 1156 4184 vincamus
1172 4119 1304 4183 hostem
1323 4119 1512 4202 improbum

358 4217 601 4282 Monachorum
618 4219 661 4282 ad
678 4219 827 4301 regulam
987 4217 1036 4281 Ut
1052 4218 1154 4301 digne
1170 4238 1231 4299 pro
1247 4218 1387 4280 victoria

356 4324 554 4377 converrunt
570 4315 684 4377 statim
702 4313 845 4376 insulam
861 4336 867 4390 ;
986 4313 1069 4377 caeli
1086 4314 1234 4377 fruamur
1249 4313 1364 4395 gloria.

1026 3777 1337 3840 mmmmfflmm

1241 3923 1273 3966 11

349 4455 543 4506 Manusorlt.
566 4453 662 4506 Pams
676 4471 682 4505 :
702 4449 777 4504 Bibl.
792 4451 868 4518 Nat,
882 4449 960 4520 8889,
975 4451 1075 4504 Missel
1088 4451 1124 4505 de
1137 4451 1314 4518 Tarentaise,
1328 4457 1374 4504 xve
1388 4449 1482 4517 siecle,
1500 4447 1530 4514 T.

348 4556 428 4610 Cette
452 4557 538 4611 Prose
559 4574 577 4610 a
591 4557 636 4611 ete
650 4556 765 4627 publice
778 4555 850 4610 dans
862 4556 903 4609 les
916 4555 1088 4611 Documents
1104 4556 1137 4608 de
1150 4556 1322 4610 PAcadlmie
1333 4557 1366 4608 dc
1391 4555 1444 4608 Vol
1460 4551 1574 4620 d'Isire,

318 4634 393 4704 1887,
407 4647 439 4705 11,
453 4653 479 4706 p.
489 4649 532 4706 25.

349 4735 400 4796 41)
430 4732 492 4788 iura
508 4733 535 4786 T
532 4733 701 4786 arenian'en.
733 4736 747 4785 i
778 4732 906 4786 mortalis
922 4733 954 4787 T.

350 4814 364 4868 7
379 4807 399 4858 b
430 4804 467 4858 ad
480 4803 646 4875 episcopum
662 4803 693 4858 T.
713 4802 905 4858 Tarentasien.
933 4805 1015 4859 Cette
1028 4803 1109 4873 lecon
1133 4813 1177 4858 est
1190 4802 1330 4857 contraire
1339 4819 1375 4856 au
1389 4802 1502 4872 rythme
1518 4808 1546 4852 et
1560 4798 1578 4850 it

313 4882 343 4936 la
352 4883 422 4938 rime
435 4904 441 4948 ;
453 4885 495 4938 ad
502 4885 692 4954 episcopatum
707 4883 734 4936 le
744 4882 829 4937 serait
842 4883 1010 4952 egalement.
1044 4885 1125 4937 Nous
1139 4899 1260 4951 croyons
1273 4899 1328 4952 que
1341 4883 1458 4936 l'auteur
1482 4896 1499 4934 a
1519 4894 1578 4932 em·

314 4961 398 5032 ploye
410 4963 436 5018 le
444 4974 504 5019 mot
523 4964 704 5034 epsicopium,
714 4972 742 5018 et
755 4962 839 5032 qu’on
853 4963 910 5018 s'en
923 4973 966 5020 est
980 4962 1092 5018 ensuite
1104 4962 1274 5017 effarouche.
1301 4980 1318 5016 c
1342 4957 1529 5017 Ceudronicis
1548 4957 1578 5010 T.

337 5047 404 5098 rob
433 5053 463 5098 ut
476 5044 525 5100 flet
538 5053 609 5112 tum,
627 5043 659 5098 T.
