4116 5784
476 537 548 612 ³32
792 537 935 590 PRosnE
961 535 1167 588 accuasma
1194 532 1430 586 nomuausrs

784 731 800 800 5
1413 729 1432 796 7

525 840 576 905 Os
591 849 662 904 tam
678 838 777 904 dulce
792 849 828 904 tu
846 839 987 918 lactasti,
1150 839 1250 905 Certe
1266 837 1369 916 caelo,
1384 846 1481 914 terra,
1497 835 1591 914 mari,

523 935 627 1004 Cuius
642 956 741 1002 carne
757 957 872 1002 sumus
889 938 977 1022 pasti
1011 991 1013 996 .
1153 937 1264 1014 debes,
1280 936 1397 1018 Virgo,
1412 933 1562 999 venerari

567 1045 601 1098 et
616 1033 721 1098 abluti
737 1035 909 1117 sanguine,
1197 1034 1375 1116 utrobique
1391 1031 1529 1096 domina
1545 1052 1553 1109 ;

525 1129 592 1214 Qui
608 1129 772 1212 confregit
788 1139 902 1213 portas
919 1131 1035 1196 mortis
1154 1131 1317 1194 Exaltata
1334 1147 1435 1210 supra
1450 1126 1570 1200 caelos,

526 1227 613 1293 Suos
629 1227 775 1304 trahens,
790 1227 895 1292 victor
911 1227 1013 1306 fortis,
1153 1227 1250 1292 dulce
1267 1227 1328 1291 tibi
1344 1233 1484 1289 cantant
1507 1221 1612 1287 melos

570 1325 613 1388 ab
629 1322 748 1387 inferni
764 1326 909 1389 cardine.
1200 1325 1396 1407 angelorum
1413 1321 1557 1402 agmina.

789 1447 811 1508 6
1421 1444 1440 1506 8

529 1567 595 1653 Qui
612 1569 766 1646 surrexit,
782 1569 869 1632 victa
887 1578 1002 1648 morte,
1159 1569 1271 1654 Quam
1288 1591 1323 1634 es
1339 1569 1447 1634 dulcis
1462 1577 1496 1633 et
1512 1566 1668 1648 benigna,

529 1665 622 1731 caelo
638 1665 813 1742 scandens,
829 1686 896 1748 quo
911 1665 1018 1731 victor
1032 1676 1066 1732 te
1158 1688 1259 1751 quam
1277 1669 1321 1730 sis
1337 1667 1429 1731 omni
1446 1664 1545 1728 laude
1560 1664 1664 1745 digna

568 1763 782 1845 amplexatur
797 1763 959 1842 dextera;
1201 1785 1303 1849 quam
1320 1763 1481 1847 praeclari
1499 1760 1608 1826 meriti

531 1857 581 1922 Te
597 1860 726 1924 dotavit
744 1859 829 1922 miro
843 1861 943 1938 dono,
1162 1863 1229 1929 Cor
1246 1883 1311 1926 non
1328 1869 1440 1944 potest
1455 1859 1613 1940 cogitare,

532 1973 610 2018 nam
627 1955 690 2018 sub
705 1963 765 2018 tuo
781 1954 892 2022 lucent
909 1957 1031 2022 throno
1162 1981 1271 2044 neque
1287 1959 1401 2042 lingua
1416 1955 1586 2038 explicare

572 2052 660 2129 luna,
675 2051 724 2114 sol
741 2060 774 2114 et
790 2052 907 2119 sidera.
1207 2067 1290 2139 quot
1305 2055 1449 2118 honores
1464 2051 1578 2116 debiti.

1112 2185 1133 2246 9

852 2291 884 2358 O
902 2293 1019 2370 Maria,
1035 2293 1159 2359 Christi
1176 2295 1296 2372 Mater,

851 2407 953 2471 quam
971 2389 1072 2472 elegit
1089 2389 1182 2455 Deus
1201 2391 1308 2470 Pater,

895 2503 965 2562 ave,
982 2485 1081 2568 plena
1096 2487 1213 2568 gratia,

853 2580 964 2643 Tuum
983 2589 1099 2644 natum
1116 2602 1174 2646 ora
1191 2583 1372 2661 Christum,

854 2685 891 2738 ut
906 2685 1044 2740 coronet
1059 2677 1197 2741 chorum
1215 2681 1315 2743 istum

899 2773 932 2835 in
949 2773 1085 2855 perenni
1101 2774 1214 2856 gloria.

533 2961 614 3016 Cette
627 2963 716 3016 Prose
728 2977 759 3014 se
773 2959 804 3012 lit
818 2956 890 3010 dans
905 2955 1109 3025 BancHEM,
1125 2958 1287 3012 Parnassus
1297 2959 1461 3029 Marianus,
1473 2958 1549 3028 1624,
1563 2975 1590 3029 p.
1600 2973 1660 3012 210.

532 3097 547 3136 2
561 3087 583 3136 d
615 3083 697 3136 Tuba
710 3091 827 3136 sanctae
839 3081 1053 3134 Bnarncnarr.

532 3176 548 3226 4
561 3180 578 3218 o
609 3161 825 3232 praecinuerunt
838 3159 1007 3214 Amicum.
1023 3157 1176 3225 Morim,
1188 3156 1239 3210 fait
1253 3174 1290 3211 un
1303 3174 1367 3212 vers
1379 3157 1452 3212 saux.

532 3243 578 3296 60
609 3241 865 3296 lucetAmbiamn.

533 3323 584 3378 8b
614 3339 700 3394 quam
713 3338 744 3376 es
757 3322 969 3374 BAMNGHEM.
1001 3337 1019 3374 e
1046 3318 1184 3389 replicare
1197 3317 1341 3373 Mon'run.

800 3585 882 3634 222.
915 3560 991 3633 DE
1025 3515 1458 3635 aususausus,

809 3753 821 3798 1
1437 3750 1454 3812 3

544 3840 716 3904 Adoretur
730 3839 785 3902 ille
803 3839 895 3902 Deus
1174 3839 1305 3902 Taurus
1323 3847 1419 3902 notat
1436 3837 1637 3919 passionem,

547 3935 931 4018 quemIohannes‚quem
939 3935 1140 4012 Matthaeus,
1179 3936 1231 3999 leo
1247 3935 1539 4022 resurrectionem:

592 4033 711 4110 Lucas,
728 4033 861 4096 Marcus
877 4033 1071 4115 praedicant
1087 4055 1095 4111 ;
1219 4033 1301 4096 haec
1316 4042 1395 4096 sunt
1410 4031 1587 4114 specialia;

548 4129 700 4212 Quorum
717 4128 842 4192 formas
858 4130 1016 4212 aquilina,
1222 4130 1316 4193 Idem
1334 4129 1418 4206 fons,
1434 4129 1491 4192 sed
1509 4128 1604 4191 rivuli

548 4225 658 4302 homo,
676 4227 737 4288 bos
754 4236 788 4290 et
804 4226 937 4289 leonina
1219 4226 1351 4304 diversi,
1366 4227 1446 4289 dum
1465 4224 1587 4307 singuli

591 4343 650 4404 per
666 4321 789 4404 figuras
805 4323 964 4386 indicant.
1220 4324 1385 4406 quaedam
1403 4323 1519 4386 dicunt
1540 4321 1681 4405 propria.

811 4443 829 4488 ²
1439 4445 1461 4505 4

549 4530 667 4606 Actus,
683 4529 782 4606 dicta,
798 4531 894 4612 signa
911 4529 1044 4607 Christi,
1224 4531 1336 4606 Arcet,
1353 4530 1448 4612 lugat
1463 4530 1645 4593 daemones

549 4627 663 4704 vitam,
680 4635 821 4691 mortem
838 4629 988 4692 scribunt
1004 4628 1057 4690 isti
1225 4649 1283 4710 per
1298 4629 1449 4692 diversos
1464 4647 1610 4690 canones

592 4724 728 4806 speciali
744 4725 874 4807 gratia:
1224 4725 1342 4789 eadem
1360 4725 1520 4804 materia3

594 4821 721 4905 Aquila
736 4823 778 4885 de
795 4822 953 4899 Numine,
1226 4823 1343 4902 Sanat,
1358 4824 1466 4900 docet,
1487 4821 1592 4886 reficit

595 4927 628 4982 et
644 4919 747 4982 homo
763 4919 806 4982 de
821 4918 959 4984 homine
1223 4921 1378 4985 doctrina
1395 4939 1479 5002 quos
1495 4917 1605 4984 afficit.

595 5023 741 5088 tractant
757 5017 930 5109 evangelia
943 5040 951 5104 3
1227 5037 1381 5107 quaeque
1396 5017 1499 5102 pestis
1516 5017 1615 5085 varia.
