4102 5792
476 449 551 533 406
761 462 901 510 rnosaa
929 461 1132 512 accnasmu
1160 461 1465 512 ancomsrransrs

476 639 563 709 digna
575 638 688 693 excelsa
704 637 901 707 Engolismen.
932 647 1032 692 sancta
1053 639 1097 692 M.
1130 601 1246 708 iungere
1272 638 1354 694 simul
1377 655 1441 694 cum
1465 641 1529 693 Deo
1547 638 1634 708 digna
1658 641 1736 694 LIT.

477 717 715 772 Fontisebralden.
725 717 799 772 1606.

511 797 595 852 8Sic
608 808 636 852 et
649 798 687 850 K.
721 797 799 851 Licet
813 796 842 850 in
855 799 903 852 Αἱ
932 807 959 852 et
970 813 1094 867 marique
1108 797 1181 851 dans
1196 797 1348 852 Bicterren.
1383 799 1415 852 ln
1439 809 1600 852 sanctorum
1620 799 1739 868 pulchra

475 877 636 932 habitacula
649 876 844 946 lingolt'smen.

515 1014 596 1067 Dans
608 1011 635 1068 le
650 1011 749 1065 Missel
762 1010 799 1064 de
813 1009 933 1076 Beziers,
947 1009 1057 1079 chaque
1070 1009 1196 1063 clausule
1209 1019 1252 1064 est
1266 1009 1355 1064 suivie
1368 1010 1433 1065 d’un
1443 1011 1572 1064 Alleluia.

708 1343 787 1431 284.
824 1338 898 1410 DE
930 1337 1154 1410 SANCTO
1187 1337 1513 1411 LEONARDO.

790 1625 803 1670 1
1157 1607 1290 1688 Rupem
1308 1607 1430 1670 siccam
1449 1607 1536 1690 rigat
1554 1609 1660 1683 undis,

567 1727 660 1791 Αῃηῑ
678 1727 774 1790 noble
789 1725 931 1788 circulus
1155 1700 1378 1784 fratribusque
1394 1701 1574 1764 sitibundis

569 1831 706 1887 renovet
721 1820 906 1896 sollemnia,
1198 1798 1300 1862 sontis
1316 1819 1419 1862 venas
1436 1809 1566 1862 reserat.

571 1923 611 1984 In
628 1921 718 1984 beati
736 1920 903 1984 Leonardi
1416 1937 1437 1996 5

570 2015 691 2082 celebri
709 2035 891 2094 memonai
1201 2059 1351 2141 Captivis
1368 2057 1574 2140 suffragium,

789 2153 806 2200 ²
1200 2155 1328 2217 miseris
1343 2155 1556 2237 praesidium,

572 2251 675 2315 Cuius
691 2258 784 2312 actus
802 2248 946 2330 inclytos
1199 2251 1353 2333 agonista
1370 2253 1509 2315 Domini

571 2347 716 2410 celebrat
734 2346 894 2422 Ecclesia,
1204 2347 1294 2410 Dum
1311 2367 1444 2411 carnem
1461 2357 1622 2422 attenuat,

572 2441 650 2525 Quo
667 2441 808 2505 laetatur
824 2443 915 2505 socio
1202 2443 1330 2506 orando
1345 2443 1521 2506 continuat

570 2557 789 2619 supernorum
806 2537 903 2600 curia.
1200 2558 1299 2620 saepe
1316 2547 1448 2601 noctem
1466 2537 1594 2601 lumini.

573 2771 688 2833 Bonae
704 2789 785 2851 puer
801 2768 922 2832 indolis
1156 2777 1267 2860 Quam
1284 2779 1327 2842 sit
1344 2797 1429 2841 vana
1446 2797 1522 2859 spes
1541 2776 1700 2853 mortalis,

572 2867 652 2929 dum
669 2863 857 2947 praeclarae
873 2863 998 2927 sobolis
1156 2895 1257 2956 quam
1275 2875 1373 2938 beata
1389 2873 1546 2956 spiritalis

572 2962 711 3026 eniteret
727 2959 841 3042 gloria,
1199 2972 1231 3034 in
1248 2971 1312 3034 hoc
1328 2971 1398 3033 viro
1414 2969 1532 3034 claruit
1549 2991 1555 3048 ;

574 3058 808 3138 Paupertatem
825 3055 927 3139 eligit,
1204 3068 1366 3150 Quidum
1384 3067 1510 3148 spernit
1527 3067 1653 3130 lubrica

573 3153 689 3217 mundi
706 3151 809 3217 fastus
826 3152 965 3235 negligit
1201 3173 1251 3225 est
1268 3164 1409 3243 adeptus
1425 3161 1549 3225 caelica

574 3268 689 3330 regum
707 3259 740 3312 et
757 3247 891 3330 palatia.
1202 3258 1321 3340 quibus
1337 3277 1469 3340 semper
1485 3258 1621 3321 studuit.

574 3479 613 3542 In
631 3385 949 3552 silvarum41atebris,
1247 3500 1396 3566 Odeeus
1414 3383 1584 3575 galeciae,

572 3573 711 3636 eremita
726 3571 873 3646 celebris,
1244 3595 1304 3660 lux
1321 3596 1536 3678 Aquitaniae,

572 3670 653 3732 dum
670 3668 772 3732 latere
789 3667 903 3742 voluit,
1246 3713 1381 3776 gemma
1398 3691 1570 3756 Ecclesiae

575 3765 753 3846 Sigssfflum
770 3763 922 3844 P0t⁰¹¹tia
1249 3799 1307 3852 tua
1323 3787 1500 3850 clementia
1572 3743 1580 3770 '

573 3871 607 3926 et
621 3859 793 3924 doctrinae
810 3856 921 3939 pluvia
1292 3903 1353 3946 nos
1368 3883 1514 3960 exaudi;

575 3955 664 4020 velut
680 3955 809 4036 lampas
825 3953 951 4016 claruit.
1247 3978 1450 4041 Mundemur
1467 3979 1605 4040 maculis

794 4079 809 4145 5
1247 4073 1303 4156 qui
1320 4091 1439 4134 vocum
1457 4073 1603 4136 modulis

534 4181 599 4244 Hic
616 4179 764 4260 reginam
781 4184 1010 4259 aegrotantem
1247 4167 1399 4251 precibus
1415 4167 1538 4231 sedulis

531 4289 564 4344 et
580 4280 612 4342 in
630 4286 728 4360 partu
745 4275 952 4338 laborantem
1246 4266 1366 4326 damus
1383 4265 1559 4344 praeconia

574 4373 644 4438 sola
661 4391 758 4454 prece
774 4370 891 4433 liberat
909 4391 915 4445 ;
1290 4369 1368 4422 tuae
1385 4356 1483 4421 laudi.

834 4577 1007 4644 Sociemur
1023 4575 1083 4638 tibi
1101 4489 1133 4635 i9n
1151 4570 1260 4653 patria

836 4675 874 4738 In
891 4693 958 4755 qua
975 4671 1052 4737 Suis
1069 4678 1119 4736 est
1137 4669 1231 4732 Deus
1247 4663 1370 4727 omnia.

522 4871 714 4922 Manuscrlt.
738 4865 853 4918 Panis:
883 4859 955 4916 Bibl.
979 4859 1054 4926 Nat,
1080 4854 1158 4918 1086,
1178 4852 1308 4908 Prosaire
1329 4850 1365 4906 de
1379 4847 1598 4914 saint-Maniai,
1620 4846 1746 4902 ›tiit-aiiit

484 4945 577 5014 siecle,
592 4947 621 5000 S.
