4102 5790
488 1205 730 1278 MISSALE
764 1205 993 1278 MIXTVM
1024 1202 1334 1278 SECVNDVM
1365 1200 1638 1275 ORDINEM
1671 1199 1744 1274 ET

556 1359 828 1432 REGVLAM
859 1357 1124 1432 SANCTAE
1157 1355 1469 1430 ECCLESIAE
1501 1355 1669 1429 TOLE-

486 1511 694 1596 ΤΑΝΑΕ,
725 1509 1125 1584 HISPANlARVM
1150 1507 1435 1581 PRIMATIS.
1471 1507 1742 1606 Burgis,1512.

516 1961 540 2006 1.
566 1941 604 2004 ln
622 1942 677 2005 die
693 1951 812 2004 sancto
829 1940 988 2017 Paschae,
1003 1950 1036 2003 et
1062 1939 1144 2002 seria
1160 1939 1317 2015 secunda,
1344 1939 1465 2001 Prosa:
1506 1935 1664 2001 Victimae
1677 1937 1745 2000 Pa-

618 2037 729 2102 schali.
764 2038 860 2118 K.83.

512 2150 540 2198 2.
566 2133 605 2197 ln
618 2135 801 2198 diesancto
813 2135 1037 2210 PentecosteS,
1053 2134 1154 2196 Prosa
1170 2156 1178 2196 ·.
1207 2131 1295 2210 Veni,
1311 2129 1430 2193 Sancte
1447 2128 1602 2210 Spiritus.
1633 2129 1750 2210 K.125.

514 2247 542 2311 3.
567 2230 607 2293 In
624 2232 678 2294 die
695 2230 853 2312 Corporis
868 2224 1004 2306 'Christi
1019 2241 1051 2292 et
1068 2250 1126 2312 per
1149 2239 1298 2305 octavas,
1315 2229 1439 2292 Prosa:
1466 2229 1518 2292 De
1530 2228 1659 2295 Christi
1673 2229 1747 2296 Cor-

482 2337 570 2408 pore.
587 2371 1117 2389 .....................................

1124 2371 1682 2388 .......................................
1708 2325 1751 2406 76

511 2441 541 2501 4.
566 2422 606 2484 In
632 2422 738 2484 Missa
753 2423 798 2484 ob
815 2421 1035 2484 reverentiam
1060 2431 1093 2484 et
1117 2422 1473 2484 commemorationem
1499 2421 1657 2505 Quinque
1675 2422 1748 2484 Pla-

621 2537 739 2599 garum
757 2517 897 2596 Domini
913 2517 1018 2580 nostri
1037 2516 1113 2580 Iesu
1130 2515 1263 2594 Christi,
1281 2517 1405 2581 Prosa:
1437 2517 1573 2582 Coenam
1593 2539 1666 2580 cum
1682 2517 1748 2580 dis-

620 2613 744 2696 cipulis.
773 2613 815 2677 K.
820 2627 869 2694 57.

746 3135 802 3220 76.
835 3129 910 3202 DE
940 3129 1200 3204 CORPORE
1231 3132 1477 3207 CHRISTl.

797 3555 809 3599 1

621 3750 675 3812 De
691 3748 815 3815 Christi
833 3748 981 3832 Corpore

619 3856 715 3908 tanta
731 3845 907 3908 sollemnia

619 3941 774 4005 sollemni
791 3941 912 4004 decore

618 4037 707 4100 colat
725 4037 884 4114 Ecclesia,

619 4133 814 4215 mundoque
830 4141 965 4214 pectore

618 4229 767 4293 solvatur
782 4228 889 4310 gloria

617 4335 688 4388 tam
706 4325 833 4388 mundo
849 4323 989 4406 corpori.

620 4422 696 4484 Hoc
713 4431 764 4484 est
781 4420 953 4484 Cibarium

616 4537 692 4580 vere
709 4515 869 4593 reficiens,

618 4613 717 4676 Panis
734 4613 930 4676 caelestium

617 4710 659 4773 de
675 4708 769 4772 caelo
786 4708 933 4784 veniens,

618 4804 740 4870 Christi
759 4803 955 4886 martyrium

617 4899 709 4982 infigi
726 4900 851 4964 faciens

616 4997 742 5060 devoto
759 4993 908 5060 memori.

1424 3558 1442 3604 2

1251 3753 1317 3816 Hic
1336 3753 1435 3816 Panis
1452 3753 1587 3836 gloriae,

1249 3849 1313 3912 hoc
1330 3850 1419 3912 vitae
1437 3849 1612 3929 Pabulum,

1249 3947 1407 4028 perennis
1423 3949 1552 4028 patriae

1248 4041 1333 4103 dans
1350 4041 1578 4106 habitaculum
1594 4064 1603 4122 ;

1248 4137 1295 4199 sic
1311 4137 1386 4200 cibo
1402 4139 1530 4220 gratiae

1248 4233 1384 4314 saginat
1399 4233 1561 4297 famulum

1246 4328 1340 4410 quod
1357 4349 1425 4393 non
1442 4331 1572 4394 esuriet.

1251 4424 1319 4486 Hic
1337 4423 1439 4490 Cibus
1455 4427 1600 4490 caelicus
1621 4452 1622 4456 ¹

1247 4519 1311 4582 sub
1326 4519 1400 4602 lege
1416 4521 1522 4599 latuit,

1247 4617 1304 4678 sed
1323 4617 1388 4678 iam
1406 4618 1578 4699 angelicus

1249 4711 1350 4774 Panis
1366 4713 1485 4776 enituit
1500 4735 1507 4792 ;

1174 4877 1178 4888 ¹
1247 4807 1314 4870 iam
1333 4808 1411 4872 Rex
1427 4808 1585 4891 pacificus

1247 4901 1291 4966 Se
1308 4925 1431 4986 panem
1448 4907 1604 4988 praebuit

1247 5009 1283 5063 ut
1299 5019 1382 5082 pace
1397 5001 1505 5066 satiet.
