4116 5784
618 503 760 555 PROSAE
789 502 995 555 ECCLESIAE
1022 497 1278 554 BELVACENSIS
1513 505 1580 576 311

320 705 337 742 e
358 697 439 756 grata
452 685 521 738 data
536 681 717 737 Cameracen.
741 682 809 736 data
822 690 903 750 grata
917 678 1006 736 ARC.
1029 679 1117 749 gratis
1131 679 1228 736 datam
1242 681 1276 734 P.
1298 680 1387 735 donat
1397 677 1585 738 data'Novio-

325 784 395 820 men.
427 771 441 818 t
465 765 587 818 sormam
600 763 634 816 P.
666 762 769 816 format
783 763 817 816 L.

363 851 413 914 sb
446 847 509 898 Deo
523 853 590 896 vota
604 842 771 896 Ambianen.
793 842 962 894 Noviomen.
994 857 1011 894 o
1036 841 1135 910 pandit
1158 853 1254 896 tamen
1274 842 1442 896 Ambianen.
1474 860 1526 913 per
1545 843 1585 898 in·

325 937 394 980 nota
407 925 594 978 Mair'sconen.
626 922 807 992 permonita,
828 920 910 990 apres
933 930 1062 990 grattage
1084 922 1121 976 de
1142 921 1293 977 immonita
1306 924 1339 975 P.
1372 939 1393 990 g
1418 923 1541 978 auctoris
1551 925 1585 977 L.

326 1005 493 1060 Ambianen.
510 1003 686 1068 cameracen.
704 1002 889 1055 Matiscomn.
903 1000 1071 1054 Noviomen.
1102 1006 1124 1055 h
1149 1003 1236 1072 pandi
1251 1003 1439 1057 Silvaneclen.

359 1085 410 1138 oa
441 1082 593 1139 Civitatem
606 1080 757 1136 Ambianis
772 1081 947 1135 Cameracen.
981 1085 1002 1133 b
1026 1080 1090 1150 diis,
1103 1083 1177 1136 sanis
1200 1081 1376 1136 cameracen.
1408 1087 1429 1136 d
1454 1082 1534 1137 Hinc
1550 1084 1584 1145 P,

358 1177 407 1230 7a
440 1163 487 1218 Sic
501 1163 690 1218 Silvaneclen.
710 1179 727 1215 c
749 1171 845 1214 tantae
858 1159 959 1215 messis
969 1160 1002 1214 P.
1031 1166 1052 1215 d
1075 1161 1442 1232 sexusqui(!)Noviomen.
1473 1180 1491 1217 e
1516 1164 1585 1217 hora

322 1243 400 1298 brevi
414 1241 744 1297 Antimachum,
757 1242 781 1295 C
779 1257 933 1295 ameracen.
946 1240 1132 1295 Matisconen.
1147 1241 1315 1296 Nom'omen.
1346 1259 1426 1296 more
1439 1241 1584 1316 Silvanec-

320 1330 374 1378 ten.
406 1330 421 1378 i
443 1325 503 1378 sere
517 1322 572 1378 tria
582 1323 769 1377 Matisconen.
784 1323 950 1375 Noviomen.

357 1404 408 1458 8a
442 1403 498 1458 Ubi
521 1419 591 1457 nece
612 1403 646 1457 P.
671 1403 859 1457 Silvanecten.
900 1401 957 1456 Ubi
971 1417 1036 1456 vere
1052 1401 1227 1456 Cameracen.
1263 1401 1305 1456 lbi
1320 1420 1385 1457 vere
1399 1403 1583 1458 Matisconen.
1694 1413 1696 1416 '

325 1488 339 1536 i
363 1483 488 1538 delibato
502 1482 649 1537 Belvacen.
681 1493 709 1536 et
719 1483 800 1535 thure
814 1481 989 1535 cameracen.
1540 1523 1542 1530 .

355 1577 404 1632 9a
435 1581 500 1618 cum
513 1562 607 1632 dignis
624 1562 1329 1617 Belvacen.cameracen.Matisconen.Silvanecten.
1358 1569 1379 1617 b
1402 1564 1581 1618 lesusARC.

325 1647 346 1696 d
371 1642 576 1697 demonstravit
591 1642 621 1695 L.
654 1647 668 1695 r
693 1643 765 1696 Cum
779 1651 896 1695 naturae
911 1640 1086 1695 Cameraccn.
1100 1642 1288 1696 Silvanecten.
1316 1648 1338 1696 h
1359 1643 1538 1698 brumariscit
1552 1645 1585 1713 (l)

324 1721 473 1775 Belvacen.
1541 1791 1544 1796 1

345 1807 410 1855 rob
441 1802 517 1856 viam
530 1801 613 1856 nobis
626 1801 701 1855 vitae
712 1801 879 1854 Noviomen.
911 1818 929 1855 o
953 1801 1135 1870 adoptandae
1148 1803 1333 1857 Mair'sconen.
1364 1821 1382 1858 e
1407 1805 1448 1859 Ut
1456 1805 1493 1860 ab
1501 1805 1584 1860 hoste

323 1881 511 1936 Silvaneclen.
544 1898 564 1936 a
588 1891 680 1936 morte
690 1881 857 1934 Noviomen.
897 1885 911 1933 i
936 1880 1112 1950 resignemus
1126 1882 1311 1937 Matisconen.
1343 1883 1518 1953 insignemur
1532 1883 1583 1938 Ca-

322 1977 456 2014 meracen.
484 1960 689 2030 coniungamur
702 1961 870 2013 Ambr'anen.
903 1977 921 2027 g
947 1971 975 2014 et
990 1961 1106 2030 perenni
1121 1962 1269 2018 Belvacen.

361 2110 443 2164 Cette
456 2110 544 2164 Prose
558 2125 589 2164 se
598 2107 630 2163 lit
641 2108 714 2163 deux
726 2108 780 2162 fois
794 2107 866 2162 dans
879 2108 905 2162 le
916 2108 1015 2162 Missel
1028 2108 1192 2164 d'Amiens:
1213 2109 1249 2163 In
1261 2110 1307 2163 die
1315 2110 1402 2163 Beati
1413 2109 1545 2164 Fr'rmim'·
1554 2086 1583 2164 et

324 2188 360 2240 In
374 2189 542 2243 Inventione
554 2189 640 2242 Beati
653 2189 786 2242 Firmim'.
813 2189 867 2242 Les
880 2187 952 2242 deux
968 2196 1057 2242 textes
1075 2199 1139 2243 sont
1156 2189 1324 2261 identiques.
1347 2191 1370 2244 ll
1383 2209 1401 2260 y
1418 2209 1436 2244 a
1448 2207 1504 2244 une
1521 2206 1582 2260 pre-

324 2267 411 2402 midrp
420 2268 633 2402 divisiolpeepgre
647 2268 674 2322 la
686 2267 803 2338 strophe
816 2283 833 2332 4
846 2277 873 2322 et
887 2267 914 2321 la
928 2267 1044 2336 strophe
1056 2280 1079 2337 5,
1088 2277 1116 2322 et
1130 2285 1185 2324 une
1197 2270 1322 2325 seconde
1331 2281 1411 2325 entre
1424 2271 1452 2324 la
1466 2270 1582 2341 strophe

324 2358 382 2416 9et
405 2360 514 2420 astrop
600 2390 606 2403 .

369 2769 372 2776 ’
449 2775 531 2847 207.
565 2753 623 2827 IN
655 2752 1451 2829 TRANSLATIONE·S.LVCIAN1.

631 3041 643 3089 1

367 3157 562 3221 Hodiernae
578 3156 638 3220 lux
655 3158 721 3221 diei

366 3255 520 3336 martyris
537 3254 570 3316 in
587 3255 695 3318 sancti
712 3253 777 3317 Dei

409 3349 520 3430 agitur
536 3350 706 3426 memoria,

369 3445 597 3507 Decantemus
614 3445 646 3506 in
664 3445 727 3508 hac
743 3444 798 3506 die

368 3539 507 3603 Luciani
528 3541 687 3603 victoriae

410 3635 526 3699 laudes
542 3645 576 3698 et
592 3635 777 3717 praeconia.

627 3781 645 3826 2

364 3885 468 3951 Ortus
484 3883 593 3948 clarus
610 3885 643 3948 in
662 3885 837 3961 Romanis,

366 3979 431 4044 fide
446 3990 605 4044 constans
622 3990 655 4043 et
672 3981 828 4043 immanis

412 4077 444 4139 in
462 4076 633 4158 signorum
650 4077 767 4158 gratia,

372 4172 437 4236 Hic
454 4183 504 4234 est
522 4171 641 4234 missus
657 4193 677 4234 a
694 4171 878 4248 Clemente,

369 4267 477 4330 clarus
494 4267 587 4344 actis,
603 4267 712 4329 clarus
728 4279 850 4343 mente,

413 4373 614 4446 purgaturus
630 4383 715 4426 area.

632 4501 649 4564 3

370 4605 426 4670 Ad
444 4605 569 4670 seroces
587 4603 805 4668 Belvacorum

369 4702 459 4765 venit
475 4701 599 4784 plebes,
616 4700 781 4763 idolorum

412 4798 559 4860 imbutas
574 4795 743 4878 spurcitia,

362 5007 378 5061 4
391 4997 405 5047 t
434 5009 498 5048 vers
511 4991 797 5068 incomprehensible.

998 3023 1065 3090 Sed
1083 3025 1210 3091 athleta
1229 3027 1294 3090 Dei
1310 3027 1406 3090 sortis

998 3121 1089 3183 nulla
1106 3143 1240 3203 prorsus
1256 3123 1349 3187 dirae
1366 3125 1482 3188 mortis

1042 3214 1200 3322 formidat
1217 3217 1391 3301 supplicia.

1256 3401 1278 3462 4

998 3526 1113 3590 Saevit
1129 3527 1226 3589 lictor
1242 3527 1274 3589 in
1292 3525 1426 3605 victore,

998 3622 1101 3702 surgit
1117 3621 1224 3685 victor
1240 3641 1260 3685 a
1277 3621 1392 3689 lictore

1040 3718 1198 3799 gradiens
1215 3727 1251 3780 ut
1267 3727 1367 3780 antea
1385 3738 1393 3795 ;

995 3813 1167 3876 Truncum
1184 3821 1286 3894 caput
1298 3822 1435 3876 truncus
1451 3814 1538 3896 gerit

997 3911 1080 3972 etin
1098 3909 1214 3972 laudes
1231 3908 1295 3970 Dei
1314 3906 1389 3972 serit

1042 4005 1155 4087 lingua
1172 4005 1278 4067 nescit
1295 4005 1415 4068 nescia.

1261 4175 1280 4272 5.

999 4313 1048 4376 Te
1064 4333 1247 4396 precamur,
1264 4323 1391 4394 martyr
1406 4313 1540 4390 Christi,

999 4431 1083 4493 quos
1099 4411 1132 4472 in
1150 4409 1215 4474 fide
1231 4411 1376 4493 genuisti

1045 4515 1209 4569 restaures
1225 4507 1258 4568 in
1276 4505 1406 4588 patria;

1000 4603 1052 4665 Tu
1070 4612 1203 4665 tuorum
1220 4603 1385 4678 miserere,

998 4707 1035 4761 ut
1050 4717 1126 4760 cum
1144 4696 1278 4762 Christo
1293 4707 1405 4760 tecum
1422 4715 1499 4759 vere

1041 4797 1216 4858 cantemus
1232 4793 1265 4856 in
1281 4793 1396 4875 gloria.
