4102 5792
494 527 568 613 446

801 738 818 802 3

538 833 642 899 Cuius
657 845 731 900 ortu
748 836 839 900 dono
857 837 920 900 Dei

538 929 612 994 sons
629 933 812 994 immensae
828 933 950 1013 speciei

583 1047 684 1108 prope
701 1036 832 1108 parturn
850 1029 962 1104 oritur,

537 1121 616 1206 Quo
631 1122 837 1186 decumbens
854 1132 1019 1186 recreatur

538 1229 651 1290 mater,
670 1216 778 1281 inians
794 1217 993 1300 baptizatur,

579 1314 687 1395 aegris
704 1313 793 1376 salus
810 1314 966 1378 redditur.

797 1449 819 1509 4

538 1549 568 1612 A
587 1549 757 1632 primaevo
774 1567 907 1610 carnem
925 1557 1015 1610 arcet

536 1664 633 1728 aqua,
648 1665 745 1728 pane,
760 1644 851 1726 quod
869 1662 935 1706 non
954 1653 1078 1708 marcet

580 1739 754 1823 adspirans
770 1739 813 1802 ad
830 1737 990 1821 gaudium
1006 1761 1013 1816 ;

535 1835 658 1902 Christi
676 1834 784 1900 cultor
800 1833 911 1911 verb0,
927 1833 1004 1912 vita,

535 1933 628 2014 virgo
645 1951 786 2015 semper,
802 1931 951 2008 eremita,

577 2027 701 2110 triplex
718 2027 797 2090 vicit
814 2025 985 2108 proelium.

798 2155 812 2222 5

534 2259 694 2337 Ventum,
710 2258 813 2341 frigus
830 2256 941 2321 nullus
957 2256 1059 2322 homo

533 2376 599 2440 qua
616 2355 743 2420 latebat
758 2354 860 2417 sentit
875 2353 979 2418 domo

576 2471 677 2534 quam
695 2469 761 2513 non
779 2450 880 2514 intrat
898 2447 1041 2526 iemina;

532 2547 615 2610 Eius
632 2567 729 2629 prece
744 2544 926 2610 debellavit

528 2643 604 2706 dux
622 2643 759 2706 Evenus
774 2650 806 2706 et
823 2640 1002 2722 prostravit

573 2737 790 2801 barbarorum
807 2735 953 2818 agmina.

796 545 937 596 PROSAE
966 545 1169 597 ECCLESIAE
1197 545 1439 598 REDONENSIS

1429 725 1451 788 6

1170 837 1252 902 Tres
1268 857 1451 920 campanas
1467 845 1500 902 et
1516 837 1657 906 totidem

1169 933 1239 996 auri
1255 953 1369 998 cruces
1385 933 1463 998 iecit
1479 933 1567 1000 idern

1211 1029 1255 1092 de
1270 1029 1466 1094 transmisso
1483 1028 1618 1112 pulvere
1634 1051 1642 1108 ;

1170 1124 1252 1188 Eius
1269 1123 1361 1190 iussu
1379 1125 1508 1188 Romae
1524 1124 1610 1188 latus

1167 1238 1203 1282 se
1219 1229 1408 1304 portantem
1427 1221 1525 1286 morti
1542 1221 1640 1286 datus

1214 1314 1306 1378 nullo
1322 1315 1441 1398 pressit
1457 1316 1613 1400 pondere.

1428 1448 1447 1512 7

1167 1547 1321 1612 Aietanis
1338 1550 1526 1632 postulatus

1166 1645 1400 1708 contradicens
1415 1655 1466 1710 est
1482 1653 1629 1709 sacratus

1211 1759 1311 1804 rnanu
1328 1760 1435 1824 papae
1451 1743 1584 1823 propria
1600 1761 1607 1818 ;

1166 1833 1275 1900 Multa
1292 1835 1388 1918 signa
1403 1835 1610 1900 subticentur

1165 1931 1356 1994 auditorum
1374 1951 1416 1994 ne
1431 1941 1611 2014 graventur

1209 2045 1304 2092 aures
1320 2035 1455 2110 propter
1471 2027 1590 2091 taedia

1426 2143 1445 2206 8

1165 2255 1349 2322 Laboranti
1366 2256 1491 2322 Christi
1508 2259 1575 2322 vite

1164 2353 1222 2417 dat
1239 2353 1273 2417 in
1289 2372 1364 2418 sero
1380 2353 1534 2419 Christus
1550 2356 1638 2418 vitae

1206 2449 1361 2532 perennis
1376 2448 1550 2513 denarium
1567 2472 1575 2528 ;

1163 2542 1273 2628 Quem
1290 2553 1460 2608 currentes
1475 2546 1523 2609 sic
1539 2565 1718 2630 sequamur

1163 2650 1199 2704 ut
1215 2659 1273 2722 per
1289 2639 1398 2722 ipsum
1415 2661 1670 2724 consequamur,

1204 2733 1294 2798 iacto
1309 2753 1416 2813 cursu,
1432 2736 1592 2802 bravium.

521 2913 716 2988 manuscrit.¹
739 2907 853 2962 Parus:
873 2905 945 2960 Bibl.
962 2906 1039 2974 Nat,
1055 2905 1132 2974 1098,
1148 2901 1248 2960 Missel
1262 2904 1299 2960 de
1315 2903 1441 2974 Rennes‚
1454 2905 1512 2960 xiv‘
1520 2905 1614 2977 siecle,
1633 2908 1662 2964 Υ.

523 3055 571 3106 td
604 3051 705 3104 Honor
717 3065 794 3119 ergo,
808 3047 1023 3106 lausGouluino
1043 3048 1073 3102 Υ.
1102 3064 1120 3102 e
1146 3045 1400 3105 dilectoRedonen.

518 3135 570 3196 4d
601 3129 689 3185 verba
708 3130 739 3184 Y.

519 3207 570 3264 8d
602 3211 696 3278 Quam
710 3207 848 3264 nedem.

696 3490 778 3562 314.
811 3467 885 3542 DE
916 3467 1140 3544 SANCTO
1169 3467 1527 3544 GUILLERMO.

525 3793 653 3870 Gaude,
670 3791 763 3870 Sion,
778 3813 902 3876 sponsa
919 3792 1051 3870 Christi,

524 3913 611 3978 quae
627 3889 847 3955 Guiliermum
865 3889 1022 3973 peperisti

567 3996 761 4054 senescente
775 3987 894 4070 gratia,

526 4088 565 4152 ln
581 4105 701 4152 occasu
719 4102 842 4152 novum
859 4080 965 4146 solem

522 4185 554 4248 in
572 4191 707 4248 senecta
722 4179 813 4248 nasci
830 4177 958 4262 prolem

565 4281 660 4364 signa
675 4277 821 4362 probant
837 4275 935 4340 varia.

784 4415 802 4462 2

521 4517 710 4586 Briocensis
725 4523 843 4600 gentes
859 4511 921 4578 soli

521 4637 583 4682 suo
599 4615 731 4682 solvant
747 4618 826 4674 vota
842 4609 903 4673 soli

564 4723 636 4778 tota
652 4729 728 4774 curn
747 4706 941 4782 Britannia;

520 4807 712 4876 Glorientur
728 4805 761 4867 in
779 4801 965 4867 Guillermo

518 4905 561 4970 de
577 4926 644 4988 quo
660 4903 762 4984 digne
779 4917 920 4980 magnus
936 4916 1046 4960 sermo

561 5001 638 5068 iicet
654 5002 692 5084 in
706 4995 865 5064 Ecclesia.
903 5071 908 5078 .

1420 3688 1437 3752 3

1154 3793 1212 3856 Ab
1228 3803 1338 3857 aetate
1355 3793 1472 3875 puerili

1154 3889 1334 3953 declinavit
1352 3889 1395 3953 ab
1410 3889 1523 3953 hostili

1199 3987 1306 4048 carnis
1323 3986 1520 4068 petulantia,

1153 4081 1264 4168 Quam
1281 4083 1391 4166 coegit
1407 4083 1545 4148 obedire

1153 4177 1218 4261 legi
1236 4178 1357 4241 mentis
1374 4187 1407 4242 et
1423 4181 1545 4243 servire

1198 4275 1324 4338 munda
1339 4275 1552 4340 conscientia.

1412 4415 1434 4476 4

1154 4512 1353 4577 Miserorum
1371 4513 1545 4580 miserator

1153 4609 1288 4690 pietatis
1304 4620 1461 4692 operator
1612 4688 1615 4692 ¹

1196 4715 1267 4770 erat
1284 4724 1384 4770 manu
1402 4709 1537 4794 propria
1552 4730 1560 4788 ;

1152 4801 1237 4866 Cum
1254 4801 1387 4866 afflictis
1403 4813 1455 4868 est
1470 4804 1622 4886 afflictus,

1149 4900 1289 4964 caritate
1304 4899 1351 4962 sic
1367 4899 1525 4987 amictus

1193 4995 1373 5082 discumbit
1390 4995 1423 5060 in
1439 4997 1554 5082 gloria.
1570 5071 1587 5081 Α
1608 5075 1611 5080 ,
