4102 5790
478 494 546 584 184
726 507 868 561 mosas
895 505 1099 560 eccossmu
1127 497 1450 556 ROTHOMAGENSIS
1488 551 1491 556 .

509 693 548 748 Le
564 689 664 748 Missel
677 689 713 744 de
728 689 817 758 Lyon,
830 702 866 741 au
877 685 933 740 lieu
947 683 1028 740 dece
1042 681 1090 754 qui
1104 679 1234 754 precede,
1248 679 1344 734 donne
1359 695 1364 732 :

1090 799 1121 850 ¹4

900 879 940 931 Ut
955 893 1007 931 nos
1022 875 1049 930 in
1064 892 1116 930 sna
1129 874 1220 944 gloria

900 959 1002 1012 Secum
1015 955 1139 1026 gaudere
1152 954 1248 1018 iaciat,

902 1036 959 1090 Ubi
973 1053 1027 1106 pax
1040 1045 1068 1091 et
1081 1035 1128 1090 lux
1140 1033 1251 1104 festiva,

901 1116 1087 1171 decantemus
1102 1115 1229 1170 Osanna.

477 1257 509 1296 ce
523 1239 570 1311 qui
584 1239 629 1294 n’a
642 1237 670 1290 ni
685 1237 764 1306 rime,
777 1235 805 1289 ni
820 1235 940 1305 rythme,
954 1233 983 1288 ni
997 1233 1190 1288 construction
1204 1231 1427 1302 grammaticale.

725 1473 804 1546 125.
837 1448 911 1524 DE
942 1447 1166 1524 SANCTO
1197 1445 1490 1522 MELLONO.

790 1623 800 1668 ¹
1418 1617 1432 1684 5

527 1724 602 1788 Hac
618 1723 652 1786 in
668 1721 723 1785 die
738 1719 946 1803 gaudeamus
1155 1716 1256 1782 Stans
1273 1717 1412 1800 angelus
1429 1718 1471 1782 ad
1488 1716 1594 1782 altare
1675 1723 1679 1732 '

525 1831 558 1885 et
576 1817 715 1882 Melloni
732 1815 918 1880 recolamus
1156 1814 1260 1878 mittit
1276 1833 1352 1877 eum
1370 1815 1563 1896 praedicare

569 1917 707 1979 virtutes
723 1921 756 1977 et
773 1911 896 1994 praelia
913 1935 920 1990 ;
1199 1909 1384 1974 Rodomito
1400 1910 1526 1993 populo
1540 1931 1547 1988 ;

526 2013 650 2077 Missus
666 2029 748 2093 puer
766 2009 910 2071 Romam
929 2006 1030 2084 vadit,
1160 2007 1257 2070 Paret
1273 2006 1323 2069 vir
1338 2015 1473 2070 sanctus
1490 2011 1678 2090 praecepto,

526 2119 559 2174 et
574 2127 661 2192 quae
677 2125 790 2171 secum
807 2113 920 2186 portat
937 2103 1040 2167 tradit
1155 2101 1198 2166 ab
1214 2122 1254 2165 eo
1271 2103 1362 2186 prius
1379 2113 1518 2186 accepto

568 2205 695 2270 tributa
711 2223 772 2286 pro
788 2201 905 2284 patria.
1198 2197 1358 2282 pastorali
1375 2199 1504 2268 baculo.

788 2333 806 2379 2
1416 2317 1437 2378 6

528 2431 667 2498 Monitis
685 2427 849 2512 Stephani
866 2427 981 2506 credit,
1158 2427 1226 2492 Iter
1242 2447 1344 2510 agens
1361 2427 1481 2510 pedem
1499 2448 1623 2506 cesum,

527 2529 717 2612 baptizatur
732 2535 765 2589 et
781 2523 896 2588 obedit
1158 2543 1294 2588 caecum
1308 2533 1342 2588 et
1354 2543 1601 2608 quemcumque
1614 2525 1740 2590 laesum

572 2621 739 2688 mandatis
760 2619 929 2684 Ecclesiae
945 2641 952 2697 ;
1200 2629 1297 2683 sanat
1314 2619 1438 2684 Christi
1456 2623 1611 2700 nomine;

506 2759 510 2766 ·
532 2722 622 2785 Hinc
639 2717 795 2781 sacerdos
811 2717 995 2792 ordinatur,
1159 2715 1193 2780 A
1209 2717 1390 2779 daemonio
1407 2727 1568 2781 vexatum

529 2819 588 2884 dat
604 2836 640 2880 se
657 2814 741 2891 Deo,
756 2831 875 2878 census
891 2813 990 2876 datur
1159 2822 1193 2877 et
1208 2812 1416 2877 confractum
1435 2815 1534 2878 morti
1551 2815 1668 2878 datum

572 2917 756 2997 pauperum
773 2909 914 2993 inopiae.
1198 2909 1257 2972 dat
1274 2908 1373 2973 saluti
1390 2910 1558 2992 pristinae.

531 3143 615 3208 lnde
634 3140 760 3206 nullum
778 3139 880 3204 habet
896 3148 1055 3216 stratum;
1162 3139 1302 3204 Manum
1321 3149 1418 3205 sanat
1434 3152 1641 3206 arescentem

529 3239 651 3323 vigiliis
669 3237 847 3319 fatigatum
1165 3257 1313 3300 morsum
1331 3247 1424 3302 curat
1440 3247 1474 3302 et
1490 3249 1679 3322 serpentem

573 3335 645 3399 sola
660 3335 757 3398 sedes
775 3331 886 3396 reficit.
1203 3333 1293 3416 cogit
1311 3354 1383 3398 sese
1400 3335 1560 3417 perdere;

532 3433 675 3516 Quaque
691 3431 745 3494 die
762 3429 904 3492 naturali
1162 3429 1246 3494 Visa
1263 3430 1335 3494 luce
1351 3431 1511 3514 singulari

532 3549 619 3612 genu
636 3529 707 3590 vice
724 3525 906 3590 trecennali
1162 3527 1275 3608 signat
1291 3546 1365 3589 eum
1385 3528 1416 3590 in
1434 3526 1530 3592 altari

577 3625 708 3688 flectere
726 3642 791 3686 non
809 3621 931 3684 deficit.
1210 3643 1329 3686 manus
1347 3623 1414 3696 Dei¹
1428 3625 1599 3688 dexterae.

535 3845 635 3926 Aqua
652 3850 769 3924 potum
786 3839 923 3915 sitienti,
1164 3840 1249 3922 Apri
1266 3841 1368 3904 dente
1385 3842 1559 3922 vulnerati,

534 3943 645 4003 cibum
662 3938 721 4000 dat
738 3936 895 3998 esurienti
1159 3937 1257 4019 signo
1273 3937 1388 4018 crucis,
1404 3939 1541 4004 sanitati

577 4036 660 4113 olus,
676 4033 772 4116 panis
788 4031 889 4109 ordei,
1207 4034 1353 4098 restituit
1368 4035 1516 4113 viscera;

535 4133 672 4196 Ferrum
691 4129 814 4192 nudam
833 4148 966 4192 carnem
984 4129 1118 4212 stringit
1164 4129 1282 4195 Carnis
1299 4151 1425 4212 poenas
1443 4152 1508 4196 non
1524 4132 1694 4216 infringit;

534 4250 611 4294 caro
627 4238 761 4292 tumens
777 4223 845 4287 fere
862 4224 966 4307 cingit
1164 4223 1222 4290 fini
1239 4226 1369 4290 fortiter
1385 4227 1531 4312 attingit,

580 4344 699 4407 corpus
716 4321 788 4384 cicli
806 4320 913 4385 ferrei.
1208 4343 1268 4404 spe
1284 4321 1388 4402 firma,
1405 4323 1471 4388 fide
1487 4347 1575 4392 vera.

861 4527 979 4591 Victor
995 4531 1044 4592 sui
1063 4533 1225 4594 mundum
1243 4531 1333 4606 vicit,

863 4625 1045 4707 mundique
1064 4627 1168 4689 victor
1184 4628 1282 4690 evicit

906 4721 968 4783 sibi
986 4742 1125 4804 regnum
1143 4724 1277 4805 gloriae.

862 4815 939 4899 Quo
956 4838 1017 4881 nos
1034 4827 1144 4882 tecum
1162 4821 1218 4883 det
1236 4841 1375 4903 regnare

860 4923 917 4976 tua
935 4935 1040 4996 prece,
1057 4925 1153 4998 pater
1168 4936 1254 4994 care,

905 5011 1007 5091 lesus,
1023 5013 1121 5076 dator
1136 5007 1265 5076 veniae
