4094 5796
656 517 798 573 lutosas
824 522 1028 578 seccasmu
1055 528 1281 586 usouruusts
1548 523 1595 616 89

377 703 421 762 50
452 691 546 747 donne
567 709 621 749 une
646 697 756 767 syllabe
774 701 810 758 de
829 711 901 772 trop.
933 707 954 758 d
985 705 1052 761 sinit
1067 709 1196 768 Leodien.
1211 731 1234 769 c.
1243 715 1318 786 1485.
1341 718 1427 774 sumit
1447 719 1508 774 iura
1529 721 1596 776 Leo·

339 770 576 843 dien.1523·1540.
607 779 628 830 h
656 789 828 848 protestatur
839 783 911 848 BC.¹

374 865 422 918 7a
454 853 532 907 Nam
556 853 686 911 Leodr'en.
719 865 741 914 h
772 879 870 917 verum
893 865 987 921 Deum
1007 867 1066 924 ST.
1080 869 1142 927 BC.
1161 873 1287 930 Leodrhn.
1296 876 1371 944 1486.
1389 879 1595 938 MJMHSACK.

340 933 440 977 carta
453 923 605 980 damnatur
621 927 654 996 (1)
672 932 730 987 ST.
741 933 797 988 BC.
820 935 1145 1010 Leodr'en.c.1485-1540.
1186 949 1208 1000 h
1245 945 1367 1006 denovet
1389 951 1596 1010 Mircrrsrcr.

340 1003 477 1072 supplicia
489 1003 548 1059 BC.
581 1006 668 1064 Lam
677 1011 714 1067 de
723 1023 798 1070 cette
810 1016 926 1087 strophe
939 1028 982 1073 est
995 1035 1171 1092 corrompue.

373 1082 422 1136 Sa
453 1083 524 1138 Eius
541 1084 840 1164 leodien.1523·1540.
873 1101 894 1152 d
921 1097 978 1152 iam
998 1100 1057 1156 BC.
1084 1103 1212 1160 tonditur
1230 1105 1287 1162 ST.
1298 1107 1596 1183 Leodien.1502·1523.

339 1161 547 1226 Mrrcrrsrcrr.
591 1175 606 1224 r
637 1173 715 1227 Nam
732 1175 1028 1248 Leodr'en.1502-1540.
1054 1185 1076 1235 h
1106 1183 1248 1242 decollata
1262 1187 1318 1244 ST.
1330 1189 1458 1247 Leodzkn.
1468 1192 1543 1260 1486.

618 1351 675 1422 60.
709 1347 784 1422 DE
814 1348 1038 1428 SANCTA
1066 1355 1317 1435 AGATHA.

646 1563 660 1613 1

342 1655 568 1742 Exsultemus,
591 1665 812 1746 gaudeamus,

403 1759 559 1822 concordi
576 1757 713 1839 laetitia,

341 1847 456 1913 Victor
483 1850 636 1936 Sponsus
661 1858 872 1927 collaudetur

403 1944 434 2008 in
451 1967 595 2030 sponsae
611 1953 759 2036 victoria,

641 2091 660 2137 2

489 2181 593 2250 Cuius
609 2207 705 2252 cruce

489 2297 577 2343 nova
593 2280 666 2346 luce

405 2373 519 2438 mundi
536 2377 645 2443 nitent
660 2379 806 2462 climata,

489 2469 592 2536 Cuius
609 2475 699 2539 dono

488 2566 532 2629 de
548 2568 696 2654 maligno

404 2659 621 2744 triumphavit
636 2667 784 2752 Agatha.

642 2806 659 2870 3

487 2907 621 2992 Expers
637 2914 745 2978 sordis

492 3012 526 3068 et
542 3004 701 3072 immunis

398 3095 439 3160 ab
455 3099 547 3162 omni
565 3099 710 3184 lascivia,

483 3195 559 3260 Tuo
576 3217 690 3264 recens

484 3291 578 3356 vultu
596 3294 717 3361 decens

400 3384 483 3450 nitet
498 3389 670 3469 pudicitia.

485 3605 517 3670 O
532 3626 634 3688 quam
651 3611 751 3677 beata

338 3694 388 3758 cui
404 3695 466 3764 fuit
482 3699 515 3764 in
532 3722 641 3785 agone

399 3793 502 3858 virtus
519 3796 642 3866 Christi
659 3804 749 3868 socia
765 3826 773 3883 ;

490 3892 552 3956 Per
568 3915 668 3978 quam
696 3900 904 3985 triumphans

336 3981 376 4045 ad
398 3983 566 4052 caelorum
582 3992 781 4060 sublimatur

399 4083 534 4149 excelsa
549 4085 692 4172 fastigia.

639 4228 654 4294 5

338 4323 418 4390 Erat
434 4328 466 4391 in
495 4329 565 4394 eius
590 4335 704 4401 animo

399 4422 527 4488 stabilis
543 4435 743 4511 constantia,

336 4523 368 4577 et
386 4518 523 4582 adversa
547 4522 726 4592 sufferebat
841 4603 846 4612 ,

400 4614 505 4678 multa
529 4620 700 4700 patientia.

339 4705 428 4771 Furit
444 4711 477 4772 in
494 4713 564 4777 eius
581 4737 719 4800 corpore

403 4805 519 4870 iudicis
543 4815 700 4894 vesania;

338 4905 446 4962 tamen
463 4901 496 4966 in
519 4912 705 4988 tormentis,
722 4912 848 4978 Christi

400 4993 526 5072 levatur
541 5002 726 5079 clementia.

1274 1556 1295 1618 6

1035 1669 1127 1734 Deos
1143 1671 1270 1753 spernit
1285 1681 1320 1736 et
1336 1672 1476 1737 deorum

1096 1767 1181 1831 ridet
1197 1767 1359 1833 sacrificia
1373 1791 1380 1848 ;

1030 1863 1203 1928 saevitiam
1232 1863 1411 1948 impiorum

1031 1969 1145 2024 mente
1164 1959 1271 2025 calcat
1288 1981 1355 2026 non
1372 1961 1490 2027 soluta.

1035 2055 1221 2120 Mammam
1237 2057 1339 2121 tradit
1350 2058 1383 2121 in
1400 2059 1585 2138 tormentis,

1097 2155 1156 2218 dat
1173 2153 1346 2219 maxillam
1367 2155 1483 2240 alapis,

1032 2259 1065 2314 et
1086 2252 1233 2334 corporis
1253 2272 1414 2336 spernens
1439 2273 1574 2336 poenas,

1031 2343 1097 2409 fide
1117 2346 1196 2412 vicit
1212 2368 1330 2412 omnes
1346 2368 1420 2413 una.

1271 2487 1290 2555 7

1034 2579 1064 2644 O
1082 2579 1180 2646 beata
1197 2604 1298 2666 quam
1316 2586 1357 2649 ad
1375 2594 1519 2668 portum,

1034 2695 1135 2757 quam
1153 2679 1194 2742 ad
1213 2679 1295 2744 lucis
1311 2682 1411 2746 duxit
1423 2691 1533 2746 ortum

1078 2769 1231 2853 Christus
1247 2774 1279 2837 in
1297 2775 1451 2839 custodia
1465 2797 1473 2854 ;

1031 2865 1153 2931 Carcer
1169 2868 1270 2934 micat
1287 2891 1373 2934 nova
1390 2871 1464 2936 luce

1012 2971 1064 3060 ⁴et
1080 2973 1213 3028 curatur
1230 2964 1364 3030 Christo
1380 2967 1465 3031 duce

1074 3059 1107 3122 in
1125 3060 1213 3124 Petri
1230 3065 1428 3144 praesentia.

1270 3180 1289 3242 8

1030 3287 1120 3351 Dum
1137 3299 1255 3370 oraret,
1272 3311 1331 3356 nec
1349 3293 1381 3356 in
1400 3314 1532 3374 vanum,

1029 3404 1106 3448 ecce
1121 3385 1258 3467 quidam
1276 3388 1402 3470 profert
1419 3410 1555 3456 manum

1072 3481 1115 3543 ad
1132 3481 1202 3544 eius
1219 3483 1405 3564 praesidia;

1029 3575 1153 3640 Statim
1170 3576 1259 3640 salus
1275 3578 1375 3642 datur
1389 3589 1494 3662 grata,

1027 3672 1151 3737 cedunt
1166 3674 1314 3752 umbrae,
1330 3674 1403 3739 luce
1419 3677 1509 3755 data,

1072 3766 1196 3831 luctum
1215 3779 1347 3834 mutant
1362 3773 1494 3854 gaudia.

1033 4010 1088 4073 Ex
1105 4010 1208 4093 ipsius
1224 4012 1342 4077 tumba
1355 4024 1469 4078 manat

1075 4107 1230 4172 sanitatis
1252 4109 1349 4190 copia

1030 4199 1127 4282 Quae
1154 4201 1301 4266 furentes
1328 4205 1425 4268 sedat
1453 4225 1552 4288 rogos

1073 4317 1132 4379 per
1148 4299 1218 4362 eius
1240 4297 1406 4382 suffragia.

1261 4439 1300 4484 10

1028 4539 1099 4602 Nos
1112 4541 1169 4623 qui
1186 4561 1301 4604 sumus
1317 4541 1350 4605 in
1368 4541 1430 4607 hoc
1447 4541 1531 4607 calle

1027 4634 1248 4719 lacrymarum
1266 4639 1299 4700 in
1316 4639 1468 4703 convalle

1071 4733 1218 4815 perpessi
1236 4733 1419 4816 naufragia,

1030 4826 1186 4892 Gloriosa
1202 4849 1327 4911 sponsa
1344 4830 1467 4928 Christi

1026 4941 1111 5004 quae
1128 4925 1193 4988 iam
1214 4925 1347 5006 Sponso
1363 4926 1527 5009 placuisti,

1060 5019 1125 5086 duc
1137 5021 1181 5084 ad
1198 5021 1289 5110 pacis
1306 5023 1440 5110 gaudia.
