4108 5794
628 523 772 576 puosaa
800 525 1003 580 accuasmu
1029 528 1323 581 annuaumsmu
1530 515 1600 602 263

646 719 663 783 3

388 833 453 896 Hic
469 844 519 898 est
537 833 592 898 ille
607 835 656 899 vir
671 836 789 901 beatus

387 927 449 1005 die,
465 939 563 993 nocte
580 933 761 996 meditatus

427 1025 460 1087 in
477 1024 550 1108 lege
566 1028 754 1106 dominica;

389 1121 426 1184 ln
443 1142 510 1205 quo
526 1125 648 1188 veritas
666 1124 817 1204 laetatur,

1276 727 1297 790 9

1017 841 1068 904 Tu
1086 840 1171 918 fiala,
1188 852 1223 906 tu
1239 852 1365 924 cyatus,

1017 937 1209 1003 candelabri
1226 947 1262 1002 tu
1279 939 1427 1003 calamus

1013 1035 1084 1097 auri
1102 1033 1229 1116 fulgore
1246 1035 1362 1098 rutilus
1379 1057 1385 1112 ;

1015 1129 1060 1192 Et
1077 1131 1157 1193 tuba
1174 1130 1379 1194 tabernaculi

386 1238 442 1302 per
457 1240 557 1302 quem
574 1241 707 1304 semper
722 1233 937 1308 oppugnatur
1012 1245 1202 1289 convocans
1218 1235 1350 1290 coetum
1368 1228 1482 1309 populi

427 1317 575 1398 pravitas
591 1317 766 1382 haeretica.

389 1531 457 1596 Iste
473 1542 568 1616 pater
583 1449 776 1600 clericorum

429 1628 536 1692 forma
553 1631 752 1712 regularium

388 1725 431 1788 Et
447 1726 641 1809 exemplum
658 1737 709 1790 est
725 1737 920 1792 cunctorum

429 1822 491 1884 sub
508 1841 625 1886 norma
641 1823 844 1906 degentium.

646 1949 661 2015 5

387 2045 454 2108 Iste
471 2047 559 2109 rivus
574 2047 659 2110 sacri
676 2047 778 2111 sontis

428 2144 581 2225 rigatoris
597 2147 759 2210 mentium
774 2169 781 2225 ;

389 2238 454 2302 Hic
470 2249 521 2303 est
537 2239 631 2304 collis
647 2241 717 2304 eius
735 2243 859 2306 montis

425 2337 481 2418 qui
500 2355 595 2400 mons
612 2347 724 2403 exstat
742 2340 916 2403 montium.

644 2451 666 2512 6

388 2559 473 2623 Ecce
489 2561 617 2644 palmes
633 2562 709 2625 vitis
725 2583 823 2626 verae

429 2659 569 2722 multum
588 2660 730 2724 fructum
748 2660 899 2739 afferens

387 2752 436 2814 En
455 2753 606 2818 Israelita
621 2775 697 2818 vere

426 2850 554 2915 nullum
572 2851 687 2915 dolum
705 2851 900 2935 praeferens.

644 2980 663 3043 7

386 3075 455 3158 Qui
471 3077 513 3139 de
530 3097 625 3141 servo
642 3076 679 3140 fit
695 3077 822 3140 amicus

384 3191 482 3253 quem
497 3193 562 3236 non
580 3173 682 3236 laedit
699 3172 852 3236 inimicus

426 3267 576 3349 qualibet
592 3268 718 3332 iniuria.

386 3361 451 3446 Qui
468 3363 632 3427 talentum
649 3365 842 3446 duplicavit,

385 3459 592 3542 duplicatum
610 3463 791 3544 reportavit

430 3555 463 3618 in
482 3557 585 3639 Regis
601 3559 797 3640 praesentia.

650 3673 668 3734 8

389 3781 440 3844 Tu
457 3783 560 3846 vectis
577 3783 799 3865 imputribilis,

389 3878 597 3942 intromissus
614 3880 647 3942 in
663 3879 792 3942 circulis

388 3985 425 4039 ut
442 3985 554 4058 portes
571 3975 706 4040 archam
724 3977 876 4053 foederis,

392 4073 436 4137 Et
453 4092 568 4136 mensa
585 4072 777 4162 reflexibilis

389 4169 491 4232 divini
508 4170 604 4251 panis
621 4169 745 4246 fertilia,

390 4265 422 4328 id
439 4275 489 4329 est
506 4266 596 4330 verbi
613 4275 646 4329 et
662 4266 780 4348 operis.

1015 1323 1130 1388 audire
1148 1325 1237 1387 iussa
1254 1325 1401 1388 Domini.

1271 1461 1310 1508 10

1017 1574 1137 1658 Tuque
1153 1575 1399 1638 reclinatorium

1018 1670 1209 1736 Salomonis
1226 1670 1411 1746 mirificum,

1014 1777 1048 1830 et
1064 1768 1160 1830 sedes
1176 1767 1360 1850 sapientiae
1376 1789 1383 1844 ;

1015 1862 1068 1926 Tu
1084 1866 1240 1926 columna
1255 1871 1414 1944 argentea

1013 1969 1205 2023 sustentans
1222 1958 1373 2022 aedilicia

1015 2064 1049 2116 et
1066 2053 1171 2137 figura
1190 2055 1370 2122 Ecclesiae.

1266 2202 1299 2247 11

1014 2307 1067 2370 Tu
1085 2306 1169 2388 lapis
1185 2306 1327 2370 aedificii

1015 2403 1102 2466 illius
1120 2401 1335 2478 Salomonici,

1014 2499 1078 2561 hoc
1094 2507 1145 2561 est
1160 2498 1278 2580 templi
1296 2498 1487 2575 Dominici;

1016 2593 1083 2677 Qui
1099 2593 1284 2677 quadratus
1300 2594 1342 2656 ad
1361 2592 1509 2674 regulam

1015 2711 1175 2775 perornas
1191 2689 1314 2754 Christi
1330 2689 1489 2752 fabricam

1017 2786 1226 2852 Catholicam
1244 2785 1440 2849 Ecclesiam.

1267 2930 1304 2976 12

1018 3049 1108 3110 Pane
1124 3049 1212 3110 vitae
1228 3047 1368 3109 satiatus

1014 3143 1169 3207 salutaris
1185 3142 1357 3206 debriatus

1057 3259 1145 3322 aqua
1161 3239 1354 3321 sapientiae,

1016 3339 1088 3402 Iam
1105 3357 1164 3419 per
1179 3346 1284 3399 terras
1299 3335 1466 3396 veneraris

1013 3445 1046 3498 et
1064 3436 1096 3497 in
1113 3433 1213 3497 caelis
1230 3434 1401 3496 adornaris

1060 3530 1148 3594 stola
1164 3529 1383 3593 innocentiae.

1271 3676 1306 3738 ¹3

1019 3783 1050 3848 O
1066 3781 1149 3844 caeli
1165 3779 1388 3853 luminarium,

1019 3888 1052 3941 et
1069 3897 1126 3939 vas
1142 3895 1309 3938 sacrarum
1327 3876 1451 3937 arcium

1019 3975 1137 4038 doctor
1152 3973 1327 4036 doctorum
1344 3973 1494 4035 omnium
1508 3993 1516 4045 ;

1017 4071 1081 4134 Fer
1097 4069 1186 4133 clero
1202 4068 1435 4150 patrocinium,

1018 4169 1063 4230 sis
1079 4166 1205 4230 clericis
1222 4165 1384 4248 refugium

1019 4284 1060 4327 ne
1076 4261 1158 4326 fiant
1175 4264 1207 4326 in
1224 4263 1450 4345 opprobrium.

385 4436 423 4491 Le
436 4445 511 4492 texte
525 4437 561 4491 de
574 4447 648 4493 cette
664 4438 749 4492 Prose
763 4455 885 4509 manque
898 4441 971 4493 dans
985 4449 1066 4492 notre
1091 4437 1191 4494 Missel
1214 4439 1249 4492 de
1269 4439 1445 4492 Tarentaise.
1481 4439 1562 4490 Nous
1579 4437 1605 4490 le

348 4515 531 4572 retablissons
543 4517 654 4588 d’apres
665 4518 706 4572 les
718 4517 832 4572 Missels
845 4517 881 4572 de
892 4521 1052 4585 Lausanne‚
1069 4533 1144 4587 1493,
1158 4528 1185 4573 et
1199 4518 1234 4572 de
1249 4519 1373 4585 Geneve,
1388 4533 1461 4586 ¹49¹·

383 4681 429 4732 3a
460 4677 504 4721 est
518 4684 641 4738 manque
655 4670 833 4722 Lausanneu.
865 4675 886 4723 1)
914 4669 1071 4723 medicatus
1084 4669 1236 4722 Gebenmn.

383 4742 433 4800 41)
463 4739 555 4792 forma
566 4749 609 4794 est
623 4741 805 4794 Lausannen.

383 4815 400 4868 6
412 4821 433 4871 d
465 4818 611 4888 proferens
625 4821 804 4876 Lausannen.

384 4910 401 4961 9
413 4913 433 4950 a
462 4915 520 4951 non
534 4909 632 4967 cyatus
645 4901 825 4954 Lausannen.

373 4980 429 5028 lot
458 4977 487 5030 in
501 4977 783 5048 figuraLausannen.

373 5061 437 5122 13b
466 5057 568 5111 artium
582 5058 761 5113 Lausannen.
