4096 5794
576 565 719 617 mosiis
746 565 950 618 secessas
976 565 1258 617 esRNsmstis
1478 546 1548 636 589

296 747 337 800 La
347 744 471 800 seconde
483 742 574 813 partie
587 742 623 798 de
636 751 710 798 cette
723 745 840 813 strophe
849 744 948 799 differe
961 761 1031 799 avec
1044 745 1085 798 les
1099 741 1278 798 manuscrits.
1312 743 1358 796 On
1372 744 1403 798 lit
1418 743 1490 798 dans
1505 743 1531 795 Α
1545 761 1556 795 .·

720 841 841 895 Iuvenes
860 841 1016 896 immeritos
1036 841 1118 910 (pour
1130 841 1273 894 immm'ta
1284 838 1309 905 ?)

722 921 816 976 subire
836 923 962 993 pericula

721 1001 800 1057 necis
820 1003 944 1073 prudens
963 1001 1072 1057 liberat.

331 1093 377 1146 On
397 1092 428 1146 lit
447 1091 519 1146 dans
539 1092 587 1144 R:

721 1179 829 1235 Milites
848 1197 898 1250 per
917 1181 1029 1234 somnia

719 1258 877 1315 minitando
896 1259 1018 1330 plurima

720 1336 837 1407 iugulari
857 1338 1008 1408 improbat.

332 1435 414 1488 Nous
429 1450 603 1489 conservens
616 1435 641 1488 le
655 1443 730 1488 texte
742 1435 780 1488 du
794 1433 990 1506 quuentiaire
1004 1433 1040 1487 de
1055 1434 1153 1488 Cerne.

331 1519 382 1582 9b
412 1523 509 1568 votum
523 1515 557 1569 R.
588 1523 688 1568 notum
699 1515 735 1568 Α.
767 1515 842 1569 sacta
855 1515 935 1569 AR.
955 1513 1028 1568 WE.
1042 1514 1139 1568 n'offre
1152 1529 1244 1569 aucun
1259 1531 1332 1570 sens.
1364 1521 1378 1570 i
1406 1534 1474 1570 suae
1488 1515 1555 1570 ima-

295 1594 355 1662 gini
368 1595 424 1649 CB.
444 1595 516 1648 WE.
530 1610 593 1649 vers
607 1593 680 1648 saux.
712 1595 788 1649 unde
798 1605 912 1666 sumpta
923 1595 1035 1648 fuerant
1050 1595 1123 1648 AR.

317 1689 381 1728 loa
412 1684 477 1729 sunt
490 1673 614 1743 insignia
627 1675 663 1728 A.
678 1676 711 1729 R.
744 1680 765 1729 d
797 1692 849 1745 per
862 1693 927 1730 eum
941 1674 1041 1729 merita
1055 1676 1092 1729 Α.
1106 1675 1139 1728 R.
1180 1691 1197 1728 e
1228 1673 1323 1729 vivum
1344 1675 1433 1744 gessit
1454 1693 1557 1748 supera

297 1756 334 1808 Α.
349 1756 382 1809 R.
411 1759 426 1808 f
456 1753 544 1824 gessit
557 1765 585 1808 et
598 1765 662 1823 post
676 1755 775 1810 funera
788 1757 824 1810 A.
839 1757 871 1810 R.

319 1850 382 1889 11a
416 1834 486 1888 Eius
500 1835 535 1888 de
550 1834 648 1888 tumba
667 1834 750 1888 sudat
769 1836 841 1889 WE.
876 1840 897 1888 b
928 1851 985 1903 quo
1003 1833 1060 1887 CB.
1088 1833 1160 1887 WE.
1193 1851 1210 1887 c
1240 1834 1333 1888 reddit
1354 1835 1449 1892 vivida
1473 1837 1556 1893 A.R.

299 1919 320 1969 d
354 1915 442 1968 Sacro
453 1915 533 1968 cuius
546 1912 666 1968 transitu
682 1913 738 1968 CB.
760 1915 832 1970 WE.
846 1913 989 1968 contraire
1008 1913 1026 1966 ἒι
1048 1913 1232 1968 l’assonance.
1264 1932 1280 1968 e
1311 1915 1558 1988 haecestinclyta.

300 1993 356 2048 CB.
377 1993 450 2047 WE.
