4096 5794
643 567 784 620 PROSAE
810 567 999 620 ΑΒΒΑΤΙΑΕ
1025 572 1227 625 BECCENSIS
1500 577 1568 651 531

337 773 365 839 7.
389 757 577 837 Martyrum
594 752 672 816 inde
688 771 781 815 sacra
797 747 885 831 legio
907 755 1067 817 coronata
1090 753 1226 845 caelesti
1252 757 1438 838 praeminet
1462 755 1573 821 claris·

444 855 566 916 simum
583 852 685 915 decus
702 852 734 914 in
751 849 850 913 curia.

337 991 363 1052 8.
387 987 441 1050 Hi
453 993 532 1050 sunt
545 987 668 1050 milites
682 987 742 1070 qui
757 991 874 1054 usundi
888 999 1086 1076 superarunt
1103 1007 1205 1070 regna
1219 1009 1226 1066 ;

336 1103 365 1164 9.
389 1085 504 1168 Atque
522 1086 617 1148 mitia
633 1086 781 1151 lecerunt
798 1089 977 1152 immitium
994 1089 1103 1150 corda.

321 1231 363 1276 10.
390 1213 567 1277 Honorum
585 1223 672 1277 serta
689 1215 811 1279 dantur
826 1219 949 1281 sanctis
964 1219 1076 1300 digna,
1103 1217 1162 1298 qui
1185 1215 1235 1279 vel
1260 1216 1441 1298 prudentes
1458 1237 1575 1300 prope-

445 1320 559 1373 rarunt
576 1311 672 1388 iusta,
689 1313 817 1396 uelfirle
843 1325 1035 1378 constantes
1061 1323 1255 1396 spreverunt
1281 1324 1471 1402 tormenta;
1496 1335 1576 1396 ergo

444 1406 562 1469 babent
576 1407 723 1471 caelestia
739 1429 847 1490 regna.

322 1520 366 1566 11.
391 1502 468 1565 Tibi
485 1504 621 1585 perenni
638 1504 844 1586 triumphant
859 1507 973 1588 gloria,
986 1515 1088 1588 atque
1100 1504 1210 1568 dulcia
1222 1506 1425 1586 depromunt
1437 1506 1576 1582 cantica,
1621 1529 1624 1538 ·

446 1609 518 1664 arte
531 1600 704 1684 laudiflua,
720 1624 791 1665 voce
805 1603 973 1681 dulciflua,
987 1604 1076 1686 Regi
1092 1602 1220 1668 Cleristo
1243 1603 1467 1666 submittentes
1488 1604 1576 1668 cella.

324 1750 369 1796 12.
391 1731 542 1796 Multum
559 1733 708 1797 recitares
722 1735 820 1798 larcde
833 1736 1035 1812 caelestium,
1058 1745 1155 1817 atque
1180 1735 1412 1817 frequentaris
1426 1735 1461 1798 iu
1473 1735 1579 1848 guero

448 1829 628 1910 uirginum,
638 1829 785 1893 Alleluia
796 1831 976 1894 dulcimode
985 1853 999 1904 ,·
1010 1842 1039 1894 te
1050 1830 1224 1893 decantant
1236 1841 1418 1912 martyrum
1433 1831 1579 1912 agmina.

324 1945 369 2008 13·
392 1927 484 1990 Laus
511 1927 587 1991 Tibi
607 1929 654 1992 sit
671 1939 799 2010 semper,
820 1928 955 2004 Christe,
974 1941 1037 2011 per
1062 1927 1181 2006 emnia,
1207 1927 1267 2010 qui
1289 1929 1423 1992 caelesti
1445 1939 1579 1993 sanctos

448 2033 606 2087 canentes
629 2024 778 2106 cythara,
805 2023 897 2088 soves
922 2024 994 2087 luce
1020 2024 1085 2087 Tui
1111 2025 1218 2102 mira;
1246 2025 1335 2087 unde
1356 2023 1433 2088 Tibi
1452 2025 1581 2107 procla:

447 2140 573 2182 memus
587 2139 655 2182 una
668 2142 679 2184 .·

325 2266 369 2328 14.
392 2253 408 2282 ‘⁶
425 2249 482 2312 Da
498 2250 589 2313 uobis
604 2259 737 2314 aeterua
752 2249 833 2313 caeli
850 2250 983 2333 gaudia,

325 2357 370 2425 ις.
400 2344 465 2409 Ubi
477 2355 643 2408 cantemus
657 2366 764 2409 omnes
775 2368 787 2410 .·
802 2345 959 2410 Alleluia.
972 2345 987 2374 ”

357 2541 549 2590 Manuscrlt.
573 2536 668 2590 Parus
680 2553 686 2590 :
699 2535 771 2590 Bibl.
784 2537 860 2604 Nat,
870 2547 945 2605 1105,
958 2535 1058 2589 Missel
1069 2535 1105 2590 de
1113 2535 1243 2604 l’abbaye
1251 2535 1289 2590 du
1301 2535 1433 2605 Bec‚xiiie
1440 2531 1534 2604 siecle,
1548 2535 1579 2596 T.

341 2691 371 2744 13
389 2677 465 2731 fovet
483 2677 513 2730 T.

357 2818 437 2872 Cette
451 2818 538 2872 Prose
552 2827 596 2872 est
610 2833 646 2870 un
660 2817 864 2871 remaniement
886 2817 1043 2886 posterieur
1065 2817 1100 2870 de
1120 2815 1191 2870 celle
1204 2833 1260 2887 que
1273 2834 1345 2872 nous
1358 2833 1447 2871 avons
1459 2813 1580 2887 publiee,

322 2905 421 2952 n⁰1o1.
453 2897 517 2951 Elle
530 2908 573 2952 est
587 2896 774 2951 interessante
796 2914 880 2966 parce
903 2897 1002 2966 qu¹elle
1023 2913 1095 2950 nous
1109 2905 1220 2950 montre
1240 2913 1273 2950 ce
1292 2896 1339 2966 qui
1362 2897 1434 2951 dans
1457 2895 1484 2950 le
1506 2905 1580 2950 texte

321 2975 439 3046 primitis
448 2993 466 3031 a
478 2976 597 3046 choque,
610 2993 681 3046 pour
692 2991 747 3030 une
764 2992 849 3030 cause
869 2992 905 3028 ou
929 2991 1001 3045 pour
1021 2991 1076 3029 une
1096 2984 1185 3042 autre,
1204 2975 1245 3029 les
1268 2973 1378 3029 moines
1400 2974 1439 3028 du
1460 2975 1527 3043 Bec,
1544 2991 1581 3028 au

321 3055 478 3112 xiii‘siecle.
512 3057 594 3110 Nous
607 3054 774 3126 imprimons
787 3071 822 3108 en
834 3054 966 3124 italiques
979 3071 1012 3108 ce
1027 3053 1109 3124 qu’ils
1129 3063 1179 3108 ont
1202 3053 1339 3108 conserve
1359 3055 1579 3112 textuellement.

580 3351 663 3440 383·
696 3346 772 3419 oa
802 3345 1027 3419 saucio
1057 3345 1311 3419 ananan.

347 3611 370 3656 1.
395 3592 495 3658 Chori
512 3592 616 3656 nostri
634 3589 773 3654 iubilent
791 3590 875 3672 Regi
893 3589 1095 3672 symphonia
1111 3610 1118 3666 ;

345 3705 371 3752 2.
395 3688 498 3753 Cuius
513 3687 596 3752 caeli
613 3708 671 3770 per
687 3685 802 3750 orbern
819 3695 975 3749 enarrant
991 3685 1132 3766 gloriam
1149 3703 1157 3763 ;

345 3835 371 3898 3.
397 3821 486 3882 Rore
501 3818 665 3883 verbisero
681 3818 836 3881 ariditate
853 3817 960 3898 rigida

343 3935 370 3995 4.
395 3916 463 4000 Qui
478 3917 581 3980 corda
595 3913 837 3981 transformant
853 3913 942 3975 velut
960 3912 1065 3975 nubes
1081 3911 1245 3990 immitia;

346 4059 372 4125 5.
398 4045 436 4109 In
453 4045 528 4127 quis
544 4043 684 4108 rutilans
700 4043 855 4106 Andreas
871 4041 963 4103 sidus
979 4039 1060 4102 cluit
1077 4041 1163 4103 inter
1177 4039 1267 4102 clara
1286 4041 1404 4116 sidera,

344 4143 373 4207 6.
398 4142 443 4206 Et
459 4141 584 4206 sterilia
601 4141 763 4204 mentium
780 4140 891 4203 dumis
907 4159 985 4202 arva
1000 4139 1100 4201 vertit
1116 4138 1149 4200 in
1167 4136 1287 4202 fertilia
1302 4158 1310 4216 ;

344 4284 372 4350 7.
396 4269 463 4352 Qui
479 4269 607 4332 semina
623 4268 748 4350 passim
765 4267 892 4349 spargit
908 4264 1042 4342 vitalia;

344 4369 372 4431 8.
394 4367 461 4431 Ast
478 4367 593 4449 Egeae
609 4387 694 4430 vana
711 4363 886 4448 prohibere
902 4363 1011 4426 tendit
1027 4361 1190 4425 cultorem
1207 4359 1337 4423 insania
1351 4384 1359 4441 ;

344 4477 406 4543 7a.
432 4462 586 4545 Apostoli
602 4463 660 4525 sed
679 4481 745 4524 non
762 4460 852 4524 cedit
868 4457 1068 4533 constantia,

343 4563 401 4626 8a.
427 4561 515 4625 Nam
534 4562 684 4643 magistri
702 4559 835 4634 Christi,
852 4577 946 4620 suam
963 4555 1085 4619 tollens
1101 4574 1243 4631 crucem,
1264 4554 1370 4619 tenuit
1387 4553 1538 4636 vestigia.

343 4707 370 4770 9.
395 4689 480 4774 Quis
496 4712 556 4754 rex
573 4693 667 4755 cuius
682 4689 809 4753 habent
825 4699 858 4751 et
876 4687 958 4751 mori
976 4685 1123 4770 palmam
1141 4683 1287 4768 agmina,

329 4802 375 4850 10.
400 4788 471 4850 Nec
488 4808 560 4850 esse
576 4788 660 4850 mori
676 4786 734 4849 sed
750 4783 820 4848 fieri
838 4782 1064 4847 immortalia?

330 4931 375 4980 11.
399 4915 430 4981 O
447 4936 548 4999 quarn
565 4913 748 4979 ineffabilia
763 4913 894 4975 virtutis
911 4920 1043 4994 sperata
1060 4909 1217 4991 proemia,

332 5029 377 5076 12.
401 5013 432 5079 O
450 5033 549 5096 quarn
568 5013 662 5076 fortis
679 5010 839 5094 patiendo
855 5018 956 5090 atque
974 5007 1125 5070 miranda
1141 5005 1298 5070 victoria!
