4094 5796
604 555 745 610 PROSAE
774 559 976 610 ECCLESIAE
1002 558 1293 612 ANDEGAVENSIS

364 741 574 792 Manuserlts.
590 735 686 790 Pnuts
700 755 706 791 ε
727 735 804 792 Bibl.
818 735 896 807 Nae,
909 736 969 806 868,
985 735 1085 792 Missel
1098 735 1247 806 d’Angers,
1260 745 1308 791 κνο
1321 737 1417 806 εἰὲείο,
1432 738 1466 792 Ζ.

362 816 413 870 6a
445 817 536 870 Datur
550 815 734 886 Andegavcn.

362 900 406 962 7t
435 895 553 950 diffusus
567 895 600 949 Z.
615 895 800 966 Andegavm.

362 990 379 1044 9
391 991 411 1043 g
441 993 498 1030 non
511 985 674 1046 promptum
687 977 813 1045 pandere
825 977 859 1032 Z.
885 982 907 1030 h
930 975 1062 1047 pravitati
1076 977 1266 1049 Andagaven.

348 1060 414 1134 roh
446 1055 595 1110 firmantur
606 1055 795 1127 Andagaven.

543 1252 599 1322 28.
632 1249 707 1322 DE
737 1249 961 1328 SANCTO
991 1251 1365 1326 SEBASTIANO.

640 1473 651 1518 1
1270 1473 1285 1540 5

420 1591 608 1674 Imperator
624 1593 783 1671 maxime,
1050 1594 1170 1658 Poenis
1188 1614 1229 1656 ne
1245 1592 1425 1660 deficerent

418 1686 549 1753 Christe
565 1688 812 1771 benignissime,
1046 1711 1107 1753 nec
1123 1711 1180 1754 eos
1196 1692 1394 1754 seducerent

416 1783 493 1848 Tibi
509 1783 582 1848 laus
598 1793 631 1847 et
646 1783 772 1866 gloria.
1049 1787 1177 1850 monita
1194 1785 1379 1862 mulierum,

418 1879 560 1946 Carmen
577 1879 641 1943 hoc
658 1879 804 1944 laetitiae
1050 1881 1117 1946 Sed
1135 1892 1265 1946 terrena
1282 1890 1475 1962 spernerent

416 1976 547 2059 suscipe
562 1977 652 2060 quod
670 1976 771 2039 hodie
1048 1989 1082 2042 et
1099 1978 1209 2041 Deum
1227 1977 1415 2059 aspicerent

419 2071 576 2136 decantat
593 2070 752 2136 Ecclesia.
1050 2072 1241 2156 largitorem
1260 2093 1444 2138 munerum.

597 2267 599 2275 .
640 2228 658 2274 2
1268 2215 1290 2276 6

423 2351 613 2416 Sebastiani
630 2351 685 2432 pia
1051 2347 1212 2431 Quotidie
1228 2347 1381 2412 sedulum

422 2445 563 2510 colendo
579 2444 755 2511 sollemnia
1052 2443 1217 2508 exhibens
1234 2442 1389 2521 officium,

422 2541 545 2624 egregii
565 2541 719 2624 martyris
734 2562 741 2618 ;
757 2578 760 2588 -
1057 2560 1153 2602 verus
1170 2539 1278 2603 cultor
1294 2539 1381 2619 fidei,

423 2637 610 2702 Instructus
628 2635 840 2712 Lombardia,
1054 2635 1166 2701 Omne
1182 2656 1317 2699 servans
1334 2649 1550 2721 praeceptum

422 2736 479 2798 sed
498 2733 658 2797 Narbone
671 2732 780 2814 patria
1053 2731 1126 2813 lege
1143 2732 1271 2813 gratiae
1286 2734 1459 2816 scriptum,

423 2831 502 2896 civis
519 2829 581 2895 luit
597 2828 727 2894 nobilis.
1053 2826 1156 2891 fultus
1172 2830 1279 2910 gratia
1297 2830 1371 2895 Dei.

644 2983 662 3046 3
1024 3038 1028 3048 ,
1273 2982 1293 3048 7

425 3104 591 3172 Omnibus
607 3102 770 3182 amabilis,
1057 3104 1105 3171 Os
1123 3113 1253 3168 mutum
1270 3106 1410 3188 aperuit,

424 3221 578 3267 sermone
596 3199 749 3278 affabilis,
1054 3209 1224 3264 tormenta
1240 3202 1398 3266 sustinuit

423 3297 528 3362 iustus
545 3297 576 3359 in
595 3296 727 3360 iudicio.
776 3337 778 3340 -
1053 3299 1154 3361 armis
1170 3298 1253 3362 lucis
1270 3299 1416 3363 indutus.

425 3394 463 3457 ln
481 3393 663 3456 commisso
679 3391 797 3470 fidelis,
1055 3393 1196 3477 Sagittis
1212 3402 1307 3457 sutus
1323 3393 1387 3456 luit

424 3489 572 3553 moribus
588 3487 762 3572 placabilis
1055 3499 1089 3553 et
1105 3498 1247 3553 mortem
1265 3509 1332 3552 non
1349 3489 1463 3553 timuit

425 3583 486 3648 suit
502 3594 535 3649 et
551 3582 700 3648 consilio.
1055 3605 1198 3668 proquo
1214 3593 1282 3650 stat
1297 3584 1474 3650 laureatus.

642 3740 665 3800 4
1274 3723 1294 3786 8

425 3861 536 3927 Gestis
553 3863 792 3944 imperatorum
1058 3859 1121 3922 Pro
1137 3857 1234 3922 nobis
1251 3859 1434 3922 advocatus

425 3959 520 4024 stetit
536 3978 628 4022 more
644 3958 807 4021 maiorum
823 4011 828 4020 .
1058 3977 1146 4019 nunc
1163 3956 1267 4038 pellat
1283 3957 1332 4019 vir
1352 3957 1470 4019 beatus

430 4056 560 4120 Rornae
576 4074 707 4117 summa
720 4055 828 4130 curia;
1061 4060 1199 4133 pestem,
1216 4049 1349 4128 samem,
1365 4051 1524 4133 gladium.

430 4152 556 4214 Firmat
573 4151 626 4212 hic
642 4169 699 4212 cor
715 4157 888 4223 tortorum,
1060 4147 1203 4211 Nostros
1220 4167 1353 4229 quoque
1370 4155 1480 4210 reatus

429 4267 524 4331 spem
541 4246 739 4330 promittens
752 4244 916 4308 bonorum
1059 4243 1212 4325 ignoscas
1230 4242 1326 4305 nobis
1345 4241 1438 4305 Deus

428 4343 563 4408 caelesti
579 4340 772 4404 hierarchia.
1057 4339 1183 4422 desque
1199 4339 1309 4402 Tuum
1326 4339 1497 4421 gaudium.

382 4511 392 4550 1
408 4503 423 4554 r
453 4495 557 4570 promit
570 4497 642 4552 haec
655 4496 850 4567 Engolismen.

381 4583 425 4632 al
454 4579 506 4634 fuit
519 4577 589 4633 civis
603 4577 795 4647 Engolismen.

381 4663 432 4724 4d
463 4657 726 4728 hucEngolismen.

381 4744 430 4803 7d
462 4739 533 4794 fixus
547 4735 741 4806 Engolr'smen.
773 4752 790 4790 e
822 4733 954 4789 sustinuit
968 4733 1163 4803 Engolismen.

381 4817 427 4872 80
457 4817 586 4890 ignoscat
600 4815 793 4885 Engolismen.
826 4820 840 4870 t
870 4814 919 4885 qui
932 4823 1033 4883 regnat
1045 4829 1096 4884 per
1109 4813 1224 4868 saecula
1242 4813 1437 4882 Engolr'smen.
