4108 5794
500 479 570 552 292
789 475 930 528 PROSAE
958 475 1162 528 ECCLESIAE
1188 473 1472 526 ATREBATENSIS

519 657 552 714 16
571 658 597 712 O
610 673 733 727 manque
747 656 819 710 dans
835 656 907 709 OA2.
938 654 1063 724 gloriosa
1074 657 1139 710 LD.
1152 652 1315 710 Atrebaten.

519 739 550 793 18
568 737 657 809 patris
668 737 692 791 C
693 738 725 790 B.
757 747 854 806 aperte
866 736 922 790 CB.
954 735 1083 805 pandunt
1096 734 1172 792 labia
1187 733 1323 789 Iohannis
1338 731 1397 786 CA.
1413 731 1470 787 CB.

520 835 552 890 19
571 818 685 875 saecula
700 818 759 872 CA.
770 817 846 872 CCC.
863 815 1022 870 Atrebaten.
1037 816 1178 872 contraire
1191 833 1227 870 au
1240 817 1360 884 rythme.

517 917 553 956 20
571 901 637 956 inde
655 899 717 953 LD.
733 899 795 954 uA.
811 896 888 952 CCC.
920 905 1016 966 surgat
1031 897 1090 952 CA.
1129 897 1247 953 canticis
1260 896 1372 951 cantica
1388 894 1450 948 OA.
1464 893 1542 958 CCC.

518 997 549 1037 21
572 983 597 1036 Ο
611 996 734 1050 manque
747 979 819 1033 dans
832 977 1050 1032 HENDERSON.
1084 978 1112 1032 in
1130 994 1253 1048 manque
1266 977 1339 1032 dans
1353 975 1416 1030 LD.
1433 975 1495 1030 OA.
1512 975 1572 1031 CA.
1585 975 1663 1036 CCC.
1676 976 1760 1029 Atre·

497 1066 587 1120 haten.
612 1073 672 1118 tota
689 1061 765 1118 CCC.

517 1161 551 1200 22
572 1146 652 1201 Ot'er
664 1145 728 1199 LD.
759 1143 837 1197 Assit
850 1142 909 1196 CA.

517 1241 551 1295 23
572 1227 725 1294 lohannes,
738 1232 870 1278 natorum
883 1221 1006 1278 maxime
1019 1223 1082 1277 LD.
1094 1223 1156 1278 ΟΑ.
1168 1221 1244 1277 CCC.
1257 1221 1420 1276 Atrebaien.

520 1324 554 1375 24
575 1310 750 1364 Intercessor
760 1323 812 1377 pro
824 1304 907 1360 nobis
920 1306 1053 1360 omnibus
1066 1304 1105 1360 sis
1119 1305 1147 1359 in
1162 1305 1275 1360 saecula
1287 1304 1347 1357 CA.
1360 1303 1416 1358 CB.

697 1532 777 1600 191.
809 1507 885 1581 DE
916 1507 953 1581 S.
979 1507 1247 1582 IOHANNE
1281 1505 1565 1580 BAPTISTA.

813 1701 826 1746 1
1438 1687 1459 1748 6

551 1787 657 1868 isqui
674 1786 764 1849 solus
780 1795 831 1850 est
849 1787 918 1850 Ens
935 1808 993 1871 per
1010 1787 1062 1865 Se,
1176 1789 1256 1857 Vox
1274 1789 1451 1853 clamantis
1467 1811 1526 1872 per
1541 1789 1719 1864 desertum,

550 1883 596 1947 rei
613 1882 718 1946 iactor
734 1883 906 1946 universae
1178 1906 1298 1968 praeco
1313 1885 1406 1949 cuius
1423 1905 1461 1948 os
1473 1885 1632 1948 disertum

594 1979 690 2043 iuxta
706 1998 803 2042 suum
820 1978 962 2057 libitum,
1223 1982 1265 2044 ad
1284 1980 1407 2046 Christi
1424 1983 1638 2064 praeconium
1654 2004 1661 2060 ;

553 2075 633 2140 Sola
649 2075 742 2138 cuius
758 2074 931 2139 voluntate
1183 2075 1286 2140 Cuius
1302 2077 1386 2140 odor
1401 2075 1511 2140 lamae
1527 2077 1636 2140 bonae

553 2191 660 2235 rerum
678 2171 766 2233 vices
783 2179 861 2234 sunt
878 2179 1028 2235 mutatae
1183 2171 1352 2236 Christum
1370 2173 1402 2235 in
1420 2173 1579 2254 opinione

596 2276 796 2350 tempusque
812 2265 1022 2350 dispositum,
1227 2267 1306 2332 lacit
1321 2288 1397 2332 eum
1414 2269 1568 2350 plurium.

815 2387 833 2434 ²
1443 2388 1463 2453 7

554 2467 756 2533 Senescente
774 2467 889 2530 mundi
906 2466 969 2545 die,
1183 2467 1249 2532 Sed
1267 2488 1302 2530 se
1319 2466 1490 2532 Christum
1507 2479 1609 2552 negat
1625 2489 1697 2533 esse

553 2561 654 2627 finem
670 2561 764 2626 dedit
779 2562 984 2644 prophetiae,
1183 2563 1352 2628 Christum
1364 2574 1554 2628 monstrans
1565 2575 1598 2629 et
1608 2584 1766 2648 expresse

597 2667 677 2723 nato
692 2677 809 2720 senum
827 2655 916 2738 filio;
1225 2653 1390 2715 denotans
1405 2654 1448 2715 ad
1464 2653 1617 2735 digitum,

555 2754 633 2819 Plus
650 2752 819 2816 Iohannes
835 2773 935 2836 quam
953 2752 1136 2836 propheta:
1183 2737 1292 2822 Quem
1310 2739 1484 2822 baptizans
1500 2741 1532 2804 5¹¹
1550 2740 1693 2804 Iordane

553 2848 749 2933 prophetiae
766 2849 864 2912 datus
881 2858 979 2926 meta,
1184 2855 1283 2918 super
1300 2835 1414 2918 ipsum
1433 2836 1521 2899 videt
1537 2836 1637 2919 plane

597 2944 662 3028 legi
679 2942 845 3008 limitatio,
1226 2932 1485 2996 descendentem
1507 2931 1679 3016 Spiritum.

1444 3039 1463 3099 8

553 3121 709 3213 Gabriele
726 3066 903 3209 nunti3ante
1185 3131 1240 3196 Ob
1256 3152 1397 3196 uxorem
1414 3141 1526 3196 tentus
1543 3132 1666 3196 malam

552 3245 651 3308 discit
667 3251 762 3324 pater
778 3241 847 3303 eius
864 3250 1009 3323 quantae
1184 3227 1369 3292 detestatur
1385 3238 1497 3292 tamen
1516 3229 1627 3310 palam

597 3340 639 3402 sit
656 3338 785 3401 iuturus
801 3335 939 3418 gratiae,
1227 3325 1313 3406 regis
1329 3325 1539 3402 adulterium,

554 3426 716 3491 Audienti
734 3425 803 3487 nati
820 3424 923 3486 vitam
1183 3419 1293 3503 Quem
1311 3421 1434 3484 idcirco
1451 3442 1510 3484 rex
1527 3421 1672 3485 decollat

554 3543 614 3587 nec
631 3520 778 3585 credenti
796 3539 864 3582 rem
882 3519 1031 3583 auditam
1184 3526 1221 3580 ut
1237 3516 1268 3578 in
1288 3517 1381 3580 disco
1397 3527 1499 3599 caput
1515 3517 1613 3582 tollat

597 3617 743 3698 ligantur
759 3615 907 3678 arteriae.
1227 3612 1382 3677 saltatrix
1399 3613 1431 3676 in
1449 3615 1646 3695 proemium.

558 3817 684 3880 Ventre
700 3735 838 3876 clausu?
848 3820 963 3875 ventre
973 3812 1122 3876 clausum
1185 3813 1215 3878 O
1233 3813 1378 3878 nefanda
1394 3737 1509 3897 reli9gio

554 3913 656 3976 sentit
673 3910 853 3986 Christum,
868 3917 901 3970 et
918 3911 1116 3990 applausum
1185 3931 1245 3991 pro
1260 3911 1399 3974 vitando
1416 3911 1560 3994 periurio

599 4007 678 4070 facit
694 4027 776 4088 puer
792 4024 896 4087 puero
910 4025 917 4082 ;
1062 4075 1066 4085 1
1184 4015 1353 4088 perpetrat
1369 4005 1586 4070 homicidium
1601 4030 1608 4086 ;

554 4104 757 4168 Venientem
774 4108 952 4164 veneratur
1187 4103 1298 4164 Immo
1313 4112 1450 4185 propter
1465 4103 1651 4168 adulteram

555 4201 610 4284 qui
627 4217 703 4262 cum
720 4207 826 4260 mater
841 4195 1006 4259 salutatur
1184 4198 1327 4261 scienter
1343 4199 1427 4260 iurat
1444 4219 1617 4282 perperam

598 4294 747 4360 exsultat
764 4295 796 4357 in
814 4302 917 4358 utero,
1184 4311 1226 4355 ne
1241 4292 1327 4356 desit
1343 4291 1553 4358 maleficium.

821 4410 836 4478 5
1442 4417 1480 4464 ro

557 4499 608 4562 Eo
625 4505 705 4559 nato
720 4503 798 4558 sunt
813 4493 928 4558 laetati
1184 4493 1215 4560 O
1232 4502 1367 4577 quanta,
1383 4495 1485 4572 Deus,
1501 4495 1621 4560 tolerat

555 4605 623 4657 tam
641 4590 739 4654 vicini
756 4609 858 4672 quarn
876 4591 1010 4672 cognati
1187 4609 1254 4672 quo
1271 4590 1376 4653 maior
1392 4609 1458 4653 non
1476 4603 1666 4657 surrexerat

598 4688 684 4752 sicut
699 4687 788 4750 dixit
805 4686 941 4749 nuntius
958 4707 965 4764 ;
1188 4685 1274 4749 inter
1289 4696 1386 4750 natos
1403 4685 1578 4752 mulierum
1591 4711 1599 4769 ;

521 4824 524 4829 -
557 4785 609 4849 Eo
625 4793 705 4847 nato
721 4791 798 4845 sunt
814 4780 914 4846 soluti
1188 4783 1355 4848 Meretrici
1372 4785 1527 4850 adiicitur

556 4879 635 4946 nodi
651 4878 742 4942 vocis
758 4877 863 4961 patris
880 4877 963 4942 muti
1186 4881 1233 4944 sic
1248 4901 1349 4945 omne
1365 4881 1415 4944 ius
1431 4881 1633 4948 subvertitur
1657 4877 1660 4883 ’

600 4977 678 5065 quia
694 4997 763 5041 vox
778 4984 830 5040 est
845 4973 940 5041 filius.
1188 4977 1234 5041 sic
1252 4986 1360 5042 totum
1378 4977 1415 5043 fit
1431 4991 1693 5063 praeposterum.
