4108 5794
525 493 596 567 288
813 511 954 566 mosas
982 511 1186 564 accensura
1211 511 1502 564 nrunnnruusrs

796 763 875 854 187.
909 759 985 834 DE
1015 759 1240 836 SANCTA
1267 759 1517 838 AGNETE.

833 1061 844 1107 1
1459 1043 1480 1106 6

570 1204 669 1268 Diem
687 1202 809 1268 festum
826 1201 1032 1266 celebremus
1200 1203 1336 1267 Nudam
1355 1203 1447 1268 iubet
1464 1203 1610 1287 spoliari,

567 1309 600 1364 et
617 1298 763 1382 Agnetis
779 1299 957 1364 recitemus
1198 1309 1346 1364 scortum
1364 1300 1488 1365 factam
1506 1299 1728 1384 proclamari:

610 1395 748 1477 virginis
766 1395 985 1482 martyrium:
1243 1395 1415 1480 complent
1431 1397 1521 1461 iussa
1538 1395 1662 1460 famuli.

568 1490 599 1557 O
617 1511 668 1555 res
684 1491 784 1554 nimis
801 1489 1008 1569 admiranda,
1199 1491 1357 1558 Clamant
1375 1493 1512 1577 Agnem
1528 1491 1725 1558 sceleratam

568 1600 670 1673 atque
685 1589 790 1653 virtus
806 1588 1033 1671 praedicanda
1196 1589 1240 1654 ad
1258 1589 1400 1673 lupanar
1416 1598 1651 1674 praeparatam

611 1684 745 1770 populis
762 1681 911 1748 fidelium
926 1683 933 1746 l
1241 1685 1350 1750 sciant
1363 1705 1482 1751 omnes
1497 1682 1624 1769 populi.

830 1867 849 1914 2
1461 1869 1480 1935 7
1587 1887 1591 1896 ·

568 2017 679 2083 Annis
695 2019 801 2083 tribus
817 2027 919 2102 atque
934 2017 1051 2082 decem
1200 2019 1353 2085 Christus
1369 2020 1458 2085 texit
1475 2019 1562 2084 hanc
1578 2039 1714 2084 suorum

569 2135 637 2179 non
654 2115 807 2198 peractis,
823 2115 913 2178 subit
929 2133 1046 2177 necem
1201 2117 1368 2182 densitate
1385 2117 1581 2200 capillorum

613 2221 723 2275 aetate
739 2220 809 2274 tam
827 2221 962 2287 tenera;
1244 2213 1363 2278 melius
1379 2233 1481 2297 quam
1498 2213 1647 2277 vestibus
1662 2234 1671 2293 ;

570 2306 666 2370 Haec
683 2305 976 2390 praeseminatum
994 2305 1119 2388 sprevit
1202 2307 1297 2374 Leno
1311 2309 1413 2386 vadit,
1430 2309 1540 2373 locum
1558 2308 1638 2387 adit,

567 2422 628 2468 nec
644 2401 818 2485 promissis
835 2401 1013 2485 acquievit,
1200 2401 1383 2469 suffocatus
1399 2404 1513 2468 statim
1531 2403 1632 2482 cadit,

612 2498 730 2564 mundi
747 2518 907 2581 spernens
923 2519 1092 2583 prospera.
1245 2509 1364 2584 captus
1380 2521 1400 2566 a
1416 2501 1647 2566 daemonibus.

742 2707 744 2714 .
833 2689 850 2752 3
1462 2676 1481 2736 3

571 2844 637 2910 Sed
655 2844 835 2926 respondet
851 2841 916 2907 fide
932 2841 1027 2906 sortis
1045 2862 1052 2906 :
1199 2843 1314 2926 Virg0,
1331 2863 1428 2925 prece
1445 2844 1558 2927 patris,
1576 2853 1659 2922 orat,

535 2981 539 2990 ·
568 2945 584 2973 ‘⁸
601 2940 698 3004 Vade
715 2949 812 3015 retro,
828 2938 936 3003 fomes
954 2939 1080 3015 mortis,
1196 2941 1311 3022 gemit,
1328 2939 1445 3022 plorat,
1462 2951 1495 3004 et
1512 2939 1670 3023 implorat

613 3061 733 3124 meque
749 3039 818 3103 noli
835 3049 991 3123 tangere:
1244 3036 1349 3100 vitam
1366 3035 1459 3100 reddi
1478 3034 1564 3099 filio:

570 3135 760 3202 Coniuncta
777 3155 851 3199 sum
868 3133 1059 3218 pulchriori,
1202 3131 1318 3214 Surgit
1334 3131 1398 3210 ille,
1415 3131 1556 3196 laudans
1576 3131 1698 3210 Deum,

570 3231 737 3314 longeque
754 3241 787 3296 te
805 3229 943 3309 meliori,
1202 3248 1237 3290 se
1253 3225 1376 3291 latetur
1392 3248 1464 3292 esse
1481 3247 1573 3292 reum
1588 3249 1596 3306 ;

615 3327 820 3412 sempiterno
838 3325 978 3391 foedere.
991 3325 1007 3352 '¹
1246 3324 1304 3388 sed
1322 3324 1441 3408 Agnes
1457 3323 1605 3408 Aspasio

831 3521 854 3582 4
1461 3517 1483 3580 9

571 3675 638 3761 Qui
658 3685 735 3759 post
751 3675 870 3740 dolens
887 3672 973 3738 lecto
989 3675 1097 3752 datur,
1201 3673 1391 3740 Crucianda
1408 3675 1666 3738 commendatur
1680 3697 1687 3753 ;

571 3795 590 3838 a
608 3772 748 3836 medicis
764 3769 929 3835 revelatur
1202 3771 1288 3853 ignis
1305 3770 1424 3852 ingens
1442 3791 1524 3833 mox
1541 3779 1677 3853 paratur

613 3869 704 3952 quod
721 3867 836 3930 amore
852 3867 1035 3949 premitur;
1247 3867 1279 3928 in
1297 3885 1365 3949 quo
1380 3865 1476 3949 virgo
1492 3867 1649 3949 ponitur;

573 3967 676 4032 Cuius
693 3975 796 4047 pater,
812 3964 875 4028 hoc
893 3964 1018 4040 audito,
1207 3962 1331 4028 Statim
1348 3959 1483 4025 flamma
1500 3983 1534 4024 se
1550 3961 1673 4040 divisit,

573 4060 645 4126 sisti
662 4061 723 4126 sibi
741 4061 832 4124 iubet
849 4062 916 4124 cito
1204 4057 1368 4122 illibatam
1386 4059 1473 4122 hanc
1489 4057 1638 4138 dimisit;

617 4158 764 4242 Agnem,
779 4177 881 4240 quam
899 4155 1088 4238 alloquitur.
1249 4175 1404 4237 perversa
1418 4173 1501 4238 gens
1517 4155 1631 4219 uritur.

837 4343 852 4410 5
1458 4344 1496 4392 10

574 4507 687 4570 Primo
703 4505 828 4588 prolert
845 4504 1087 4581 blandimenta,
1206 4504 1285 4568 Post
1301 4504 1383 4568 haec
1400 4505 1494 4586 virgo
1510 4502 1703 4580 decollatur,

573 4613 648 4688 post
666 4603 748 4666 haec
765 4602 933 4686 promittit
947 4609 1115 4666 tormenta
1204 4621 1324 4683 corpus
1339 4609 1446 4664 terrae
1462 4601 1729 4676 commendatur,

617 4700 679 4762 sibi
697 4700 768 4763 dari
786 4699 910 4776 nimia;
1247 4696 1341 4761 caelo
1359 4697 1468 4761 reddit
1484 4697 1646 4779 spiritum,

577 4795 643 4861 Sed
662 4795 836 4859 tormentis
853 4813 919 4858 non
936 4803 1085 4871 terretur,
1207 4791 1276 4857 Ubi
1293 4793 1400 4857 lucem
1418 4793 1486 4857 suis
1501 4794 1606 4857 donat

576 4911 635 4954 nec
652 4890 892 4962 blandimentis
908 4897 1059 4953 movetur
1203 4888 1364 4967 ChristuS,
1380 4898 1413 4952 et
1430 4909 1598 4973 quemque
1613 4895 1752 4953 coronat

620 4987 756 5069 virginis
773 4985 970 5052 constantia
1248 4985 1345 5049 iuxta
1361 5005 1458 5050 suum
1475 4986 1641 5051 meritum.
