4102 5792
458 467 532 556 456
777 478 919 531 PROSAE
946 475 1149 528 ECCLESIAE
1175 471 1421 526 REDONENSIS

764 675 780 737 3

503 784 570 866 Qui
587 803 663 846 cum
680 782 760 845 nudi
778 781 950 844 miseretur

505 879 674 945 Christum
691 878 776 958 tegit
792 885 825 939 et
842 885 986 939 meretur

547 975 661 1038 audire
676 973 836 1037 divinitus
851 995 857 1033 :

505 1071 592 1132 “Me
608 1069 774 1132 Martinus
791 1067 854 1130 hac
869 1067 1022 1130 contexit

504 1177 595 1229 veste
612 1167 692 1228 data
704 1164 730 1240 ''‚
746 1183 846 1246 quam
864 1163 1013 1244 inspexit

548 1271 623 1345 post
640 1269 809 1324 ostensam
826 1259 973 1322 caelitus.
983 1257 999 1284 ’'

763 1401 785 1460 4

508 1507 574 1568 Hic
590 1506 670 1568 dum
688 1511 790 1566 staret
807 1503 848 1564 ad
865 1501 970 1564 altare

506 1622 571 1665 non
589 1599 740 1663 cessabat
756 1616 895 1660 exorare

550 1717 611 1780 pro
627 1693 813 1758 commissis
829 1692 956 1767 ovibus,

507 1793 617 1876 Quem
634 1789 779 1873 perfudit
795 1787 854 1850 lux
871 1787 1024 1850 caelestis

506 1890 598 1952 cuius
615 1885 734 1968 globus
750 1883 837 1966 ignis
852 1883 947 1947 testis

550 1992 663 2046 exstat
679 1979 980 2044 circumstantibus.

501 2169 551 2232 3b
581 2162 698 2216 miretur
711 2161 849 2216 Redonen.

1395 664 1410 732 5

1135 777 1257 841 Febres
1273 775 1369 858 sugat
1383 795 1449 858 ope
1465 793 1600 856 precum

1131 893 1249 955 aegros
1265 880 1371 947 sanat,
1387 871 1443 952 qui
1461 889 1522 933 nos
1538 889 1650 932 secum

1176 969 1278 1032 ducat
1294 966 1425 1049 praesul
1442 965 1595 1048 inclytus,

1136 1499 1228 1582 Ergo
1243 1497 1345 1562 talem
1362 1496 1565 1560 honoremus

1137 1605 1170 1658 et
1187 1595 1349 1658 instanter
1365 1612 1542 1656 exoremus

1178 1689 1364 1772 praesulem
1381 1689 1562 1771 egregium,

1135 1786 1184 1851 Ut
1201 1805 1259 1868 per
1275 1785 1384 1868 ipsum
1402 1783 1572 1848 valeamus

1134 1881 1273 1964 adipisci
1290 1880 1379 1963 quod
1398 1888 1555 1962 optamus

1178 1977 1323 2059 paradisi
1341 1976 1512 2057 gaudium.

501 2257 514 2313 5
536 2245 601 2298 Une
615 2241 704 2312 partie
717 2241 753 2297 de
766 2250 839 2296 cette
853 2239 968 2310 strophe
980 2255 1104 2310 manque
1116 2239 1189 2293 dans
1202 2240 1242 2293 les
1256 2238 1417 2292 differentes
1435 2235 1559 2292 editions
1572 2237 1610 2291 du
1625 2237 1724 2293 Missel

465 2324 501 2379 de
515 2326 629 2378 Rennes
639 2339 694 2392 que
707 2339 779 2376 nous
792 2337 880 2374 avons
890 2337 928 2390 pu
941 2319 1085 2374 consulter
1098 2319 1188 2388 (1492,
1202 2331 1277 2388 1500,
1291 2315 1356 2385 etc.)

676 2607 757 2676 324.
789 2582 865 2654 DE
896 2580 1119 2655 SANCTA
1151 2580 1510 2655 KATHERINA.

772 2867 783 2911 l

509 2977 586 3038 Rex
603 2977 658 3058 qui
676 2995 795 3058 regnas
812 2976 882 3037 sine
899 2973 964 3036 line

505 3073 548 3134 da
565 3072 666 3151 digne
684 3091 745 3133 nos
762 3071 969 3134 Katherinae

550 3166 657 3230 colere
673 3167 848 3230 sollemnia
864 3188 870 3242 ;

509 3263 604 3324 Haec
621 3263 706 3344 regis
723 3262 816 3326 Costi
834 3261 901 3326 filia

509 3357 720 3440 praepollens
736 3357 949 3442 philosophia

552 3463 584 3515 et
600 3453 734 3516 caelesti
752 3455 868 3535 gratia,

770 3601 787 3647 2

510 3712 732 3795 Philosophos
749 3723 781 3778 et
798 3715 922 3797 peritos

509 3831 528 3872 a
545 3810 724 3872 Maxentio
740 3811 885 3874 adscitos

509 3915 545 3968 ut
561 3915 678 3968 contra
694 3906 780 3969 hanc
796 3907 1014 3990 disputarent,

510 4001 586 4064 Suis
602 4001 681 4064 vicit
697 4005 902 4084 argumentis

510 4097 655 4178 probans
672 4097 762 4179 quod
780 4099 915 4162 insanae
933 4100 1053 4163 mentis

511 4193 695 4256 existentes
711 4195 912 4259 oberrarent.

773 4339 790 4402 3

508 4445 585 4528 Qua
602 4447 643 4510 ad
662 4445 760 4510 fidem
782 4449 856 4512 lesu
873 4449 995 4514 Christi

509 4543 658 4605 conversi
676 4553 753 4606 sunt
769 4565 885 4608 omnes
903 4546 966 4622 isti,

549 4640 670 4720 spretis
687 4640 754 4702 suis
771 4641 896 4704 artibus
913 4663 919 4718 ;

510 4731 587 4815 Quo
605 4733 800 4798 Maxentius
817 4737 932 4800 audito

507 4849 564 4892 eos
581 4829 671 4894 iubet
687 4833 773 4894 tradi
790 4833 857 4896 cito

552 4927 757 5007 praeparatis
773 4928 913 5009 ignibus.
1029 4953 1031 4960 ’

1397 2871 1419 2927 4

1140 2976 1184 3037 Et
1201 2977 1321 3038 carceri
1339 2977 1549 3057 mancipatur

1134 3073 1227 3153 virgo
1243 3082 1367 3147 sancta,
1383 3089 1484 3152 quam
1508 3071 1634 3134 solatur

1138 3169 1250 3249 regina
1267 3187 1342 3230 curn
1363 3166 1552 3248 Porphyrio
1564 3188 1572 3244 ;

1138 3262 1232 3344 Quos
1249 3262 1384 3325 monitis
1403 3261 1590 3326 salubribus

1140 3359 1302 3422 convertit
1319 3358 1362 3421 ab
1378 3358 1542 3421 erroribus

1138 3463 1171 3518 et
1186 3455 1388 3517 daemonum
1410 3453 1550 3516 servitio.

1401 3599 1416 3664 5

1141 3717 1219 3800 Quo
1234 3725 1378 3798 tyranno
1394 3715 1548 3792 revelat0,

1140 3812 1255 3877 dolore
1271 3811 1316 3873 sic
1333 3809 1514 3892 duplicato,

1184 3907 1327 3990 repletus
1345 3907 1481 3984 insanie,

1141 4003 1360 4086 Porphyrium
1377 4003 1533 4067 decollari

1139 4109 1171 4162 et
1189 4100 1322 4180 reginae
1338 4101 1503 4181 amputari

1184 4214 1349 4258 mammas
1365 4195 1456 4258 iubet
1473 4195 1581 4278 impie.

1403 4325 1424 4385 6

1140 4452 1224 4513 Mox
1241 4459 1349 4513 rotam
1368 4449 1459 4512 iubet
1476 4451 1584 4531 parari

1141 4556 1175 4609 et
1190 4547 1448 4627 circumquaque
1464 4547 1583 4608 armari

1183 4641 1369 4724 praeacutis
1385 4640 1504 4722 gladiis
1520 4663 1526 4713 ;

1143 4738 1250 4821 Super
1266 4757 1366 4819 quam
1384 4737 1465 4800 dum
1482 4737 1639 4814 elevatur,

1140 4835 1242 4916 virge,
1258 4841 1330 4897 rota
1346 4833 1526 4916 dissipatur

1183 4929 1303 4993 divinis
1320 4928 1488 4992 incendiis.
