4094 5796
645 545 1270 608 mosne,uectusrareaeomeusrs
1536 524 1581 616 85

471 779 527 870 56.
560 773 635 847 oa
666 771 705 847 s.
730 771 999 846 ronanus
1032 771 1446 882 svnuosmstn.
1501 761 1503 768 ‘
1543 748 1546 754 ’

354 1021 376 1068 1.
401 1005 500 1081 Laus,
515 1005 632 1087 gloria,
647 1005 751 1068 virtus
767 1023 806 1066 ac
822 1003 939 1085 gratia,
955 1001 1113 1085 salusque
1128 1010 1278 1079 aeterna,
1315 1019 1319 1024 ·

350 1119 377 1166 2.
400 1101 540 1178 Christe,
556 1101 631 1164 Tua
647 1101 715 1164 sint
730 1109 832 1182 atque
849 1107 1009 1162 maneant
1027 1098 1117 1163 bona
1132 1117 1286 1181 quaeque
1303 1105 1433 1162 cuncta.

350 1222 465 1308 3.Qui
482 1243 616 1288 carnem
626 1222 669 1286 de
679 1221 820 1304 Virgine
832 1241 1071 1304 assumpseras,
1081 1220 1284 1304 integritatis
1302 1219 1424 1300 aulam,
1438 1227 1581 1304 matrem

456 1339 591 1402 quoque
607 1338 799 1382 servaveras
817 1318 1142 1395 incontaminatam;

348 1434 375 1498 4
401 1415 587 1480 Iohannem
615 1415 822 1479 custodieras
846 1413 1010 1496 virginem
1035 1413 1127 1478 verbi
1158 1411 1257 1476 huius
1282 1420 1405 1477 arcana
1437 1433 1581 1524 reserare

457 1511 648 1596 apostolum
665 1519 699 1575 et
706 1509 969 1592 evangelistam.

352 1650 377 1718 5.
401 1635 491 1700 Nam
508 1637 700 1720 nuptiarum
716 1635 771 1699 hic
786 1633 958 1717 sponsalia
973 1633 1169 1716 spreverat
1160 1653 1227 1698 ram
1239 1641 1369 1716 coepta,

350 1735 378 1799 6.
402 1731 535 1797 Dehinc
551 1733 700 1834 secundo
715 1732 837 1810 navim,
853 1733 946 1810 retia,
962 1739 995 1795 et
1011 1731 1083 1794 iura
1099 1739 1251 1813 paterna,

351 1872 379 1938 7.
402 1855 488 1921 Cum
505 1831 752 1920 transmutatae
766 1855 862 1920 faciei
873 1854 983 1918 Tuam
997 1853 1078 1936 ipsis
1095 1852 1292 1936 angelorum
1309 1853 1419 1918 choris
1434 1873 1587 1918 reveren·

458 1953 537 2016 dam
554 1951 731 2017 ostendisti
747 1951 900 2034 gloriam,
1550 2005 1552 2010 .

351 2051 377 2113 8.
403 2049 448 2113 Et
464 2069 565 2132 supra
581 2058 698 2131 pectus
714 2048 835 2125 Tuum,
851 2045 937 2110 infra
952 2065 1092 2110 coenam
1109 2066 1265 2128 pausans,
1275 2046 1365 2111 unde
1381 2045 1485 2129 larga,
1497 2067 1584 2130 quae

458 2165 633 2228 sparsurus
649 2153 729 2222 erat,
744 2144 894 2227 epotavit
911 2143 1077 2225 mystica;

350 2281 378 2344 9.
403 2263 449 2328 Et
466 2265 611 2328 Matrem
629 2265 662 2329 in
680 2264 786 2330 Cruce
803 2264 913 2328 Tuam
927 2264 1057 2346 accepit
1073 2265 1245 2342 tuendam,

334 2377 380 2424 10.
404 2359 510 2437 Felix,
526 2381 625 2443 quern
642 2361 690 2424 sic
705 2360 867 2438 volueras,
882 2361 990 2424 donec
1007 2359 1175 2438 advenias,
1193 2379 1349 2439 manere;

335 2500 379 2549 11.
406 2482 473 2567 Qui
491 2483 652 2548 Pathmos
668 2483 777 2548 insula
793 2484 1005 2549 exsulaverat
1010 2533 1209 2550 ..............

335 2597 381 2646 12.
404 2581 495 2644 Dum
512 2581 542 2644 ei
559 2580 704 2664 plurima
719 2581 925 2644 revelaveras
941 2581 1022 2644 inibi
1040 2580 1201 2664 mysteria
1216 2602 1226 2662 ;

335 2723 379 2786 13.
405 2707 556 2770 Pollebat
571 2706 628 2770 diu
646 2706 753 2770 multa
768 2727 912 2790 operans
928 2705 1098 2785 miracula,

335 2821 379 2883 14
404 2804 468 2867 Pro
484 2802 614 2885 quibus,
631 2801 773 2880 Christe,
789 2811 904 2866 nostra
920 2803 1037 2867 iubilet
1054 2803 1221 2868 melodia:

334 2937 378 3004 15.
404 2923 545 3006 Semper
561 2924 605 2986 sit
620 2923 692 2986 laus
709 2922 786 2986 Tibi
803 2942 945 2988 summa.

366 3111 558 3161 Manuscrit.
572 3105 798 3161 Suonvuuksr:
811 3103 926 3176 College
939 3104 1286 3176 desJesuites‚1v,Missel
1298 3104 1521 3176 deLiege‚1472,
1531 3104 1589 3162 ST.

367 3237 448 3291 Cette
462 3237 550 3291 Prose
563 3253 593 3292 se
606 3247 704 3291 trouve
717 3235 865 3308 imprimee
883 3237 955 3291 dans
971 3238 1004 3292 G.
1024 3237 1224 3306 Mracusnclt,
1241 3237 1355 3307 Hymni
1364 3243 1392 3290 et
1411 3236 1589 3307 Sequenliae,

330 3333 392 3370 cum
416 3317 609 3386 compluribus
633 3317 702 3369 aliis
725 3321 753 3370 et
771 3317 886 3370 Latinis
910 3321 937 3370 et
951 3317 1078 3386 Gallicis,
1103 3333 1220 3371 necnon
1236 3318 1263 3370 T
1259 3317 1387 3372 lreolzws
1401 3316 1591 3386 Camim'bus,

332 3397 421 3449 medio
441 3413 511 3449 aevo
526 3397 694 3466 compositis.
719 3395 802 3450 Halis
823 3397 977 3463 Saxonum,
1005 3397 1080 3464 1886,
1106 3409 1181 3466 p.15,
1204 3395 1314 3468 d’apres
1333 3415 1340 3452 :
1362 3396 1379 3426 “
1392 3396 1540 3466 Sequenlr'e
1565 3405 1593 3450 el

332 3476 445 3545 Hymni
455 3479 512 3545 per
528 3481 618 3528 totum
638 3492 748 3530 annum
766 3476 917 3530 seeundum
936 3493 1019 3530 utrem
1038 3475 1162 3547 insignit
1179 3477 1285 3531 ecclesie
1308 3477 1474 3532 leodiensis.
1483 3477 1497 3504 '¹
1519 3476 1590 3531 Ant·

335 3554 445 3625 werpie,
454 3554 530 3625 apud
540 3555 697 3610 Henricum
712 3555 816 3610 Eckert
829 3555 865 3610 de
880 3555 1057 3623 Homborch,
1074 3567 1148 3624 1509.

374 3703 384 3742 1
406 3699 434 3744 et
446 3690 652 3743 Mracrrsecx.

371 3768 388 3822 6
406 3768 471 3823 navi
485 3767 518 3836 (t)
532 3769 737 3824 Mracrrsncx.

354 3862 384 3901 11
405 3849 568 3904 exulaveras
582 3850 709 3904 horden.
724 3849 928 3904 Mrrcnsrcx.
953 3850 1115 3905 exulaverat
1137 3850 1266 3906 leodien.
1282 3863 1349 3920 1523
1368 3859 1396 3905 et
1416 3862 1492 3920 1540.
1526 3849 1596 3906 Cela

337 3927 427 3998 parait
442 3929 501 3983 etre
511 3929 538 3983 la
546 3929 623 3984 vraie
637 3929 725 4000 lecon.
754 3931 824 3999 Sept
833 3930 957 3999 syllabes
970 3939 1035 3984 sont
1049 3930 1177 3984 tombees
1188 3931 1224 3985 de
1237 3939 1312 3986 cette
1325 3929 1460 3985 clausule.
1491 3929 1593 3984 Milch·

337 4007 406 4062 sack
418 4009 489 4062 croit
502 4009 617 4079 qu'elles
631 4009 812 4078 precedaient
824 4010 1012 4076 exulaverat;
1031 4026 1103 4064 nous
1116 4027 1247 4080 croyons‚
1257 4027 1293 4065 au
1307 4009 1456 4080 contraire,
1478 4009 1594 4080 qu’elles

338 4086 475 4142 suivaient
485 4105 518 4143 ce
528 4099 595 4144 mot.
629 4090 668 4144 Le
682 4089 872 4160 parallelisme
884 4089 994 4144 semble
1006 4088 1162 4160 l’indiquer.

359 4179 388 4236 15
408 4167 473 4222 Tibi
486 4168 547 4224 laus
560 4169 690 4224 leodien.
704 4185 728 4223 c.
737 4169 786 4236 148
790 4181 814 4238 5.

647 4442 704 4520 57.
736 4421 811 4496 DE
845 4421 1289 4498 INNOCENTIBVS.

369 4711 392 4756 1.
416 4695 501 4758 Pura
529 4695 638 4758 Deum
667 4695 782 4760 laudet
809 4697 1010 4776 innocentia,
1031 4698 1192 4762 innocens
1213 4696 1367 4763 Christus
1395 4698 1464 4765 Sua
1491 4717 1593 4783 quarn

470 4801 579 4855 sacrat
595 4791 747 4858 infantia.

368 4937 393 4986 2.
417 4923 632 4988 Parvulorum
649 4935 683 4989 et
700 4934 807 4990 morte
824 4935 1008 5010 martyrum
1025 4927 1181 5009 pretiosa,

368 5032 394 5114 3.
417 5017 511 5104 Quos
527 5021 665 5102 saevitia
684 5021 830 5102 Herodis
847 5023 927 5104 dare
942 5024 1015 5104 neci
1033 5023 1185 5102 iusserat,
