4094 5796
552 561 692 611 I‘ROSAE
721 563 923 612 ECCLESIAE
953 563 1295 613 blAGDEIlVltGENSIS
1505 575 1546 644 31

544 766 600 815 20.
624 743 698 814 DE
722 743 948 816 SEPTEM
974 745 1301 818 FRATRIBVS.

599 953 610 997 1

342 1084 438 1147 Felix
456 1093 562 1147 mater
579 1083 720 1148 filiorum

339 1189 469 1261 septem
486 1200 563 1243 vere
579 1181 764 1258 beatorum,

377 1275 510 1354 ¹honore
526 1275 750 1356 dignalaude,

341 1369 435 1452 Quos
453 1371 484 1432 in
503 1371 638 1435 Christo
653 1372 797 1454 genuisti

341 1475 374 1529 et
390 1467 422 1528 in
440 1465 505 1529 fide
522 1467 675 1544 docuisti,

385 1561 416 1626 O
434 1562 491 1644 pia
506 1583 636 1644 parens,
652 1564 771 1644 gaude.

595 1726 613 1770 2

343 1853 388 1915 Hi
402 1873 460 1934 per
476 1863 533 1916 tua
550 1853 763 1917 hortamenta

341 1948 472 2010 diversa
488 1949 577 2030 passi
593 1959 771 2025 tormenta,

384 2045 461 2107 lacti
480 2043 603 2108 Christi
621 2054 793 2127 martyres

342 2139 493 2203 Caesaris
509 2160 568 2222 per
584 2142 761 2221 imperium

344 2235 554 2316 pertulerunt
571 2238 779 2318 martyrium,

385 2331 515 2394 Summi
535 2333 638 2413 Regis
655 2332 786 2398 milites.

606 2505 622 2566 3

341 2632 491 2715 Quorum
509 2643 576 2696 tres
592 2643 669 2696 sunt
686 2634 853 2711 decollati,

340 2729 407 2791 duo
424 2729 566 2792 fustibus
582 2731 690 2793 necati

381 2824 484 2887 fortes
500 2825 532 2887 in
550 2827 742 2903 certamine,

339 2919 384 2984 Et
400 2930 538 3002 quartus
555 2921 752 3002 praecipitio

339 3027 541 3098 peremptus
558 3017 621 3079 boc
639 3017 803 3099 supplicio

380 3123 540 3175 constans
557 3112 682 3176 Christi
699 3113 844 3176 nomine.

589 3285 611 3344 4

339 3409 404 3474 Sed
422 3411 549 3492 primus
567 3409 749 3492 plumbatis
766 3431 882 3473 caesus

339 3503 402 3568 lide
419 3527 619 3587 permanens
636 3506 771 3569 illaesus

379 3601 490 3664 taliter
505 3603 671 3666 occubuit.

339 3696 393 3760 Sic
407 3718 467 3778 pro
484 3697 619 3762 Christo
635 3699 861 3760 consummati

338 3793 368 3854 in
386 3804 559 3855 aeternum
578 3813 665 3856 nunc
682 3795 771 3856 beati
787 3815 793 3870 ;

382 3898 490 3960 totum
510 3890 603 3952 Deus
619 3890 733 3952 voluit.

1227 951 1241 1014 5

969 1085 1176 1162 Alexander,
1194 1087 1368 1163 Martialis,

965 1181 1149 1263 Philippus,
1168 1182 1275 1257 Felix,
1294 1182 1428 1259 vitalis,

1016 1277 1158 1354 Silanus
1177 1278 1360 1341 Ianuarius.

974 1373 1069 1434 Haec
1085 1383 1162 1435 sunt
1180 1374 1316 1436 nomina
1332 1395 1446 1436 eorum

971 1467 1056 1530 libro
1071 1469 1159 1530 vitae
1176 1469 1350 1532 beatorum

1016 1563 1176 1645 inscripta
1192 1565 1360 1627 divinitus.

1227 1711 1248 1772 6

971 1856 1022 1917 Tu
1042 1865 1149 1918 mater
1165 1877 1263 1936 passa
1280 1859 1402 1939 septies

970 1951 1003 2011 in
1021 1951 1105 2026 filiis,
1121 1952 1244 2014 deinde
1260 1972 1296 2013 es

1014 2067 1074 2128 pro
1092 2046 1226 2111 Christo
1240 2047 1414 2112 decollata.

972 2141 1241 2224 Circumquaque
1257 2163 1334 2204 vera
1351 2142 1416 2206 fide

969 2247 1003 2300 et
1020 2235 1159 2300 firmiter
1170 2258 1286 2300 secura
1302 2259 1370 2320 spe,

1015 2335 1153 2396 caritate
1169 2344 1306 2397 armata.

1230 2504 1249 2568 7

968 2634 999 2699 O
1011 2635 1110 2697 beata
1128 2635 1294 2710 Felicitas

969 2739 1002 2792 te
1019 2729 1135 2792 laudat
1151 2731 1350 2793 universitas

1010 2827 1113 2888 totius
1132 2825 1313 2900 Ecclesiae,

967 2921 1082 3002 Atque
1099 2930 1192 2983 tuam
1211 2923 1405 3003 progeniem

967 3017 1102 3080 Christo
1121 3016 1196 3078 Deo
1213 3017 1392 3080 amabilem

1011 3113 1218 3194 sempiterno
1236 3122 1396 3194 tempore.

1234 3269 1252 3330 8

966 3412 997 3475 Ο
1015 3410 1097 3473 felix
1113 3411 1297 3492 generatio,

968 3517 1026 3569 tua
1044 3515 1160 3587 poscat
1178 3507 1285 3568 oratio

1011 3623 1073 3684 pro
1086 3601 1183 3664 nobis
1201 3601 1411 3665 Salvatorem
1426 3626 1432 3664 :

968 3698 1017 3762 Ut
1033 3699 1128 3760 exuti
1145 3698 1356 3760 terrestribus

969 3793 1213 3874 coniungamur
1229 3791 1429 3855 caelestibus

1013 3889 1174 3950 Divinum
1193 3909 1252 3969 per
1263 3908 1421 3951 amorem.

332 4057 370 4110 Le
383 4058 494 4126 rythme
508 4060 543 4114 de
557 4071 630 4114 cette
646 4060 724 4132 pieee
738 4071 780 4116 est
791 4061 841 4114 des
855 4060 918 4129 plus
934 4058 1151 4114 rudimentaires
1172 4068 1199 4114 et
1223 4058 1248 4110 le
1268 4057 1350 4113 Latin
1365 4073 1400 4112 en
1423 4066 1467 4113 est
1487 4055 1553 4110 bien

301 4125 391 4184 saible.
