4094 5796
487 471 536 556 64
766 487 907 538 PROSAE
935 487 1137 538 ECCLESIAE
1163 487 1455 540 ANDEGAVENSIS

523 677 537 734 5
552 669 604 720 ab
635 665 681 718 On
691 665 749 719 lita
762 664 789 718 la
799 664 881 734 place
891 664 927 718 de
940 679 988 720 ces
996 663 1069 718 deux
1080 681 1144 718 vers
1158 663 1230 718 dans
1240 665 1281 718 les
1293 665 1407 720 Missels
1418 664 1557 733 d’Angers
1567 673 1595 718 et
1605 663 1641 718 de
1648 664 1734 734 Liege

896 743 1087 812 Hierusalem,
1100 761 1171 814 quas
1185 746 1326 814 osculans,

893 824 1046 879 sanitatem
1062 841 1242 894 recuperans,

964 921 1030 958 mox
1044 905 1129 960 cessit
1142 905 1259 959 morbus
1272 907 1308 960 ab
1323 904 1371 959 illa
1385 923 1391 960 :

895 984 1051 1054 Postquam
1062 983 1114 1039 ruit
1127 985 1257 1040 osculata

896 1064 973 1134 ipsas
991 1063 1062 1118 haec
1083 1063 1134 1118 tuit
1153 1075 1254 1120 sanata

486 1162 519 1201 ce
532 1147 579 1218 qui
593 1145 690 1200 n’offre
703 1161 795 1200 aucun
809 1145 920 1215 ryrbme
932 1155 961 1199 et
972 1144 1028 1198 tres
1041 1161 1096 1215 peu
1109 1145 1145 1198 de
1158 1145 1338 1214 grammaire.

524 1233 573 1298 sd
601 1227 705 1282 abhoc
724 1227 755 1281 l'.

778 1375 836 1445 43.
870 1353 945 1426 us
976 1351 1201 1427 sancto
1232 1352 1447 1427 semro.

574 1596 720 1680 Quando
736 1600 939 1662 conscientia

573 1695 752 1775 respondet
768 1693 909 1776 eloquin,

571 1790 661 1852 verbi
679 1789 767 1852 valet
783 1793 912 1872 gratia;

574 1885 671 1950 Plebs
687 1887 733 1948 sic
750 1907 826 1950 curn
844 1887 980 1964 laetitia,

574 1981 690 2045 laudes
706 1983 790 2045 dans
809 1983 933 2064 Egidio

572 2075 717 2141 celebret
734 2077 918 2142 sollemnia.

789 2213 807 2258 2

452 2379 457 2389 1
571 2304 716 2370 Sanctus
732 2303 785 2368 hic
803 2305 945 2386 Egidius

570 2399 695 2465 Christi
712 2401 807 2464 miles
823 2401 942 2482 regius,

570 2495 672 2577 stirpe
689 2506 787 2559 natus
803 2497 902 2578 regia.

570 2593 737 2656 Mundum
754 2594 878 2674 sprevit
895 2594 1027 2675 penitus

570 2687 631 2751 soli
650 2687 725 2750 Deo
741 2688 875 2752 deditus

571 2785 634 2848 Dei
651 2783 770 2866 plenus
786 2785 902 2866 gratia.

789 2913 806 2977 3

528 3009 676 3072 Mundus
692 3008 778 3071 vixit
795 3009 848 3072 hic
865 3010 897 3071 in
915 3009 1050 3073 mundo.

528 3105 603 3167 Deo
619 3105 732 3167 vivens
749 3105 849 3167 corde
866 3105 1003 3180 mund0,

613 3200 702 3262 vitae
718 3201 828 3263 vitans
845 3201 933 3264 vitia.

529 3295 610 3362 Sese
627 3296 702 3358 Deo
718 3297 802 3359 dans
818 3297 1012 3360 thesaurum

527 3393 652 3476 sprevit
667 3413 758 3474 opes,
774 3393 899 3474 sprevit
915 3413 1042 3470 aurum,

613 3491 738 3572 sprevit
754 3491 953 3554 transitoria.

526 3710 660 3795 Anguis
677 3733 806 3776 morsus
826 3723 877 3776 est
896 3714 1077 3777 mundatus

614 3808 767 3890 precibus
785 3809 906 3890 Egidii.

529 3903 715 3968 Saevientis
732 3914 783 3966 est
798 3905 933 3968 sedatus

615 3999 705 4063 furor
721 4001 891 4082 arreptitii.

528 4096 657 4161 Navem
675 4116 761 4180 pene
778 4117 920 4160 mersam
938 4099 1027 4162 rexit

613 4193 655 4256 ad
673 4201 807 4274 portum
824 4193 953 4256 consilii

526 4307 612 4370 quae
628 4299 704 4370 post
721 4309 796 4352 eum
815 4299 887 4352 tute
904 4290 997 4353 vexit

612 4384 655 4447 ad
672 4383 782 4447 locum
800 4385 902 4450 exilii.

787 4501 808 4560 6

538 4639 544 4652 -
657 4596 719 4660 Vir
735 4599 901 4679 perfectus

654 4693 736 4755 mari
752 4703 877 4770 vectus,

656 4786 817 4852 Arelatae

657 4885 738 4948 urbe
755 4895 854 4950 natae

568 4977 675 5043 febres
692 4980 786 5062 sugat
802 4981 923 5044 viduae
937 5003 944 5058 ;
971 5027 975 5036 .

1292 1490 1359 1552 Res
1376 1488 1531 1570 vulgatur

1289 1585 1384 1666 plebs
1402 1586 1560 1660 miratur;

1290 1692 1444 1746 sanctum
1462 1681 1599 1744 laedunt

1289 1797 1374 1858 quae
1391 1777 1578 1858 procedunt

1202 1874 1312 1953 gentis
1329 1893 1427 1935 voces
1446 1882 1591 1936 mutuae.

1292 2073 1433 2136 Famam
1451 2071 1569 2136 nolens

1289 2169 1347 2231 sed
1365 2168 1418 2231 hic
1435 2167 1563 2246 dolens,

1288 2262 1367 2326 hinc
1382 2264 1526 2327 discedit

1288 2369 1321 2422 et
1338 2379 1373 2422 se
1388 2359 1484 2422 dedit

1200 2458 1289 2521 vitae
1305 2455 1482 2520 solitariae.

1290 2551 1358 2615 Diu
1375 2550 1466 2627 latet,

1288 2646 1371 2710 nulli
1387 2655 1502 2729 patet;

1287 2747 1378 2810 dono
1395 2746 1459 2809 Dei

1287 2863 1385 2905 cerva
1401 2844 1430 2906 ei

1202 2939 1253 3003 lac
1269 2939 1329 3002 dat
1344 2938 1531 3002 alimoniae.

1417 3044 1436 3104 8

1159 3147 1225 3209 Hic
1242 3166 1278 3209 se
1293 3145 1405 3209 celans
1424 3165 1491 3208 non
1508 3143 1635 3207 celatur

1156 3264 1231 3307 cum
1249 3242 1426 3307 defunctus
1443 3241 1623 3306 suscitatur
1642 3264 1648 3303 r

1157 3343 1280 3424 adepta
1296 3351 1388 3404 carta
1404 3341 1521 3404 veniae

1155 3439 1326 3502 commissi
1342 3437 1429 3520 regis
1448 3436 1617 3499 Franciae.

1157 3533 1278 3597 Cartae
1290 3531 1372 3596 fides
1389 3541 1576 3608 attestatur,

1156 3629 1307 3710 quamvis
1324 3629 1448 3691 crimen
1465 3627 1686 3704 condonatur,

1156 3723 1255 3786 huius
1271 3732 1392 3788 vocato
1408 3723 1553 3800 nornine,

1157 3819 1244 3883 ultra
1261 3839 1327 3883 non
1344 3829 1421 3883 acto
1437 3819 1583 3882 crimine.

1161 4024 1251 4087 Hinc
1270 4023 1381 4106 Egidi,
1396 4042 1490 4085 serve
1506 4019 1580 4096 Dei,

1159 4119 1388 4201 supplicamus
1404 4116 1465 4180 tibi
1482 4116 1527 4179 rei

1246 4213 1307 4290 sac,
1323 4215 1372 4276 vir
1388 4214 1479 4288 mire,

1244 4329 1306 4372 nos
1322 4309 1463 4371 transire

1201 4404 1298 4466 huius
1316 4403 1431 4465 mundi
1448 4403 1550 4482 vitia;

1159 4501 1203 4564 Et
1219 4500 1270 4563 fac
1287 4519 1402 4581 preces
1418 4510 1550 4562 nostras
1565 4498 1640 4562 vehi

1157 4606 1236 4661 ante
1253 4595 1375 4672 Deum,
1391 4595 1495 4678 gratis
1512 4595 1542 4659 ei

1154 4704 1190 4757 ut
1207 4693 1328 4768 venire,
1344 4693 1398 4755 die
1415 4695 1496 4775 spei,

1156 4789 1324 4871 possimus
1340 4789 1381 4851 ad
1399 4789 1533 4870 gaudia.

1412 4903 1450 4949 10

1160 4981 1254 5044 Haec
1270 4980 1328 5045 det
1346 4981 1408 5043 Dei
1426 4982 1544 5062 gratia.
