4102 5792
488 521 558 590 412
728 517 870 568 PROSAE
897 519 1101 572 ECCLESIAE
1128 514 1498 571 AVTISSIODORENSIS

510 699 538 760 8.
566 695 766 780 Egrirnonia
783 704 914 760 mutata
932 697 1148 764 incommoda
1164 719 1223 781 per
1239 715 1354 760 eorum
1372 693 1500 759 merita.

510 811 540 873 9.
564 792 621 858 Ad
639 793 782 876 patriam
799 812 886 876 quae
903 813 963 857 nos
980 795 1172 860 introducat
1188 803 1352 878 optatam,
1368 792 1424 855 ubi
1445 801 1496 857 est
1523 811 1602 856 vera
1628 792 1757 856 laetitia

621 898 654 952 et
670 889 703 952 in
721 887 787 952 fine
802 897 939 954 aeterna
954 889 1072 974 gloria.

527 1093 719 1144 Manusortt.
742 1089 859 1146 Panis:
880 1091 953 1146 Bibl.
976 1093 1054 1160 Nat,
1067 1093 1159 1160 17316‚
1181 1089 1280 1147 Missel
1297 1089 1458 1158 d’Anxerre,
1479 1087 1700 1156 xic-stiecle,
1725 1087 1751 1140 Υ

529 1285 545 1334 4
565 1269 711 1340 iungantia
734 1272 763 1326 Y.

529 1365 579 1418 9a
608 1350 664 1405 fine
685 1351 714 1404 Y.

531 1481 615 1538 Piece
627 1480 684 1537 tres
697 1482 826 1538 obscure.

713 1754 796 1846 287.
831 1753 888 1826 IN
920 1751 1145 1828 OCTAVA
1174 1751 1213 1827 S.
1235 1749 1541 1825 STEPHANI.

810 2040 821 2085 1
1304 2021 1389 2085 valle
1408 2031 1519 2084 nostra
1530 2045 1545 2098 ,-

674 2137 907 2202 laetabundus
1221 2118 1436 2182 Dissecantes
1451 2116 1604 2198 despicit,

543 2244 640 2318 grata
656 2257 739 2300 voce
755 2247 882 2319 pangat
899 2247 1035 2301 coctus:
1223 2216 1334 2280 lesum
1352 2221 1497 2276 mntem
1513 2212 1652 2295 suspicit

674 2330 830 2396 Alleluia.
1319 2329 1414 2372 carne
1428 2316 1568 2389 sumpta.

677 2427 909 2509 Protomartyr

546 2529 689 2584 mortem
706 2521 843 2603 spernit,
858 2521 948 2586 subit
965 2521 1072 2586 iaetus
1086 2547 1092 2586 :
1444 2490 1459 2558 5

676 2637 727 2679 res
742 2617 906 2681 miranda·
1222 2637 1348 2718 Legem
1366 2655 1488 2699 novam
1505 2635 1681 2718 approbat,

810 2749 828 2795 2
1224 2733 1416 2813 Sinagogae
1432 2731 1589 2813 reprobat

592 2847 803 2932 Stephanum
820 2851 1010 2916 constantia
1223 2829 1383 2912 figmenta
1400 2845 1486 2909 quae
1501 2826 1700 2909 ⁶⁰¹¹¹P¹0bi¹t

591 2963 652 3008 sua
667 2943 773 3027 replet
789 2945 907 3027 gratia,
1311 2943 1376 2984 ‘⁸5²
1394 2941 1484 2984 caeca
1495 2947 1509 2996 ‚¹

678 3039 729 3104 sol
739 3039 778 3103 de
792 3039 886 3104 stella
899 3067 913 3116 ,·
1225 3019 1407 3085 Assistenti
1424 3018 1551 3101 populo

595 3134 706 3199 Huius
722 3155 781 3217 per
797 3134 957 3220 suffragia
1227 3116 1324 3199 legati
1342 3134 1403 3197 pro
1419 3113 1536 3196 patulo

592 3239 768 3312 patrantur
785 3230 939 3314 prodigia
1226 3210 1395 3276 convincit
1412 3209 1573 3309 miraculo

679 3326 915 3409 semperclara.
1312 3296 1574 3378 wlfadum·

596 3554 749 3637 Satrapis
766 3564 802 3619 ut
817 3556 946 3622 sistitur

595 3650 706 3734 angeli
723 3653 927 3736 conspicitur

677 3747 758 3829 pari
766 3749 884 3828 forma
895 3774 910 3826 ‚·

598 3843 758 3925 Martyris
774 3844 807 3907 in
824 3844 937 3910 odium

599 3959 694 4002 mens
710 3959 818 4004 errore
834 3942 970 4006 testium

667 4034 715 4117 fit
732 4045 889 4118 corrupta.

601 4245 759 4310 Hostiam
776 4165 960 4314 se4dedicat

599 4339 653 4406 hic
670 4341 804 4407 Christo
819 4362 919 4427 quem
937 4346 1108 4426 praedicat

1274 3671 1453 3738 Condonet
1469 3668 1594 3733 scelera

1274 3776 1386 3832 mente
1402 3785 1502 3849 quem
1519 3761 1619 3828 effera

1316 3863 1408 3927 saxis
1424 3861 1534 3925 obruit

1352 3979 1435 4042 gens
1454 3956 1600 4033 misera;

1273 4055 1425 4120 Possidet
1441 4052 1576 4118 aethera
1651 4089 1653 4093 ·

1272 4154 1426 4234 vitaeque
1443 4167 1579 4212 munera

1317 4249 1374 4312 dat
1391 4267 1485 4328 quem
1499 4243 1616 4326 genuit

1353 4353 1524 4426 puerpera.
