4094 5796
485 493 525 558 16
792 505 935 556 tuosne
964 506 1167 557 ECCLESIAE
1193 507 1412 558 venciensis

820 691 852 756 6.
886 684 961 757 DE
993 684 1030 757 S.
1047 683 1385 760 AVGVSTINO.

778 889 787 932 1
1424 873 1446 934 6

608 1000 777 1063 Melodiae
792 999 932 1062 canticis
1239 999 1278 1062 In
1298 1001 1409 1063 medio
1426 998 1596 1078 ecclesiae,

608 1097 784 1179 iungentes
800 1096 960 1178 angelicis
1238 1095 1355 1178 spiritu
1369 1094 1563 1176 sapientiae,

608 1204 721 1257 nostra
738 1214 873 1278 quoque
888 1195 1021 1277 gaudia,
1280 1189 1470 1254 intellectus
1486 1190 1592 1272 copia,

1239 1287 1287 1354 Os
1305 1287 1468 1370 repletum
1486 1287 1626 1370 aperuit,

1240 1385 1393 1448 doctrina
1410 1404 1492 1448 sana
1507 1383 1636 1462 claruit,

584 1460 776 1567 Laudemus
793 1459 826 1522 in
847 1460 1019 1542 tympanis
1285 1479 1447 1562 praesulis
1464 1479 1630 1544 facundia.

586 1555 619 1618 in
636 1555 769 1618 chordis
785 1564 818 1618 et
835 1555 969 1637 organis

775 1348 792 1392 2

587 1652 820 1734 Ipsum,cuius
833 1652 941 1734 gratia
1408 1643 1426 1705 7

586 1747 815 1830 Augustinum
832 1747 933 1810 hodie
1284 1769 1404 1833 Libros
1421 1769 1475 1832 iile

587 1864 711 1908 corona
727 1845 873 1908 iustitiae
1283 1865 1415 1948 scripsit
1432 1864 1531 1942 mille,

588 1941 708 2004 ditavit
724 1949 757 2003 et
773 1939 887 2022 gloria.
1283 1963 1398 2026 vivens
1414 1961 1512 2038 dixit,

786 2093 802 2156 3
1284 2059 1381 2122 nobis
1398 2058 1531 2140 scripsit

1240 2153 1483 2219 haereticorum
1497 2154 1588 2216 varia

1242 2272 1311 2335 quo
1327 2253 1452 2316 vitatur
1468 2247 1615 2333 perfidia.

1286 2346 1426 2430 Scripsit
1445 2366 1524 2409 vero

1285 2465 1348 2508 suo
1363 2443 1451 2506 clero

1290 2541 1378 2604 vitae
1395 2557 1559 2616 normam,

1288 2636 1346 2698 sed
1364 2636 1449 2698 dans
1465 2633 1607 2698 sormam

1245 2741 1281 2796 ut
1297 2731 1398 2796 castis
1421 2732 1489 2794 sint
1511 2729 1705 2794 communia

784 2843 806 2903 4
1244 2827 1440 2891 obedienter
1455 2826 1578 2890 omnia.

590 2205 698 2271 Dulce
714 2205 820 2270 melos
836 2206 979 2271 dulciter

590 2322 808 2386 personemus
824 2302 949 2384 pariter

589 2397 631 2462 ad
649 2398 719 2461 eius
736 2397 920 2462 sollemnia.

589 2494 686 2558 Voce
701 2494 771 2557 vita
787 2504 958 2572 consonet,

591 2591 689 2654 dulce
707 2590 812 2654 melos
828 2601 984 2672 personet

591 2686 767 2750 ambarum
784 2686 970 2750 concordia.

593 2961 658 3025 Hic
676 2960 818 3025 Gentilis
834 2963 915 3024 dum
932 2961 994 3026 suit
1415 2981 1434 3042 g

592 3057 800 3121 Manichaeis
816 3058 936 3138 paruit,

590 3154 658 3230 sed,
674 3173 810 3235 precum
833 3154 1002 3230 instantia,

592 3259 699 3312 mater
715 3248 807 3311 illum
826 3249 959 3331 propria

593 3345 703 3428 Quem
721 3365 819 3408 carne
836 3357 1010 3428 pepererat

1287 3117 1488 3200 Augustine,

1287 3211 1348 3276 flos
1364 3213 1485 3288 divine,

1289 3309 1524 3392 mmmmm

1289 3427 1387 3471 verae
1403 3407 1488 3484 vitis,

1289 3523 1354 3566 una
1366 3503 1481 3566 vinum
1493 3492 1496 3496 ⁵

1289 3599 1375 3662 dans
1390 3598 1541 3662 divinum

593 3443 728 3518 mundo,
745 3440 879 3506 Christo
900 3452 1047 3523 generat,

592 3546 625 3600 et
642 3546 776 3600 tumens
791 3536 931 3599 scientia

592 3632 726 3695 humilis
743 3630 780 3695 fit
800 3632 961 3714 gratia,
1327 3695 1334 3708 ,
1451 3695 1458 3708 ,
1559 3694 1566 3706 ,

664 3733 668 3739 -
1246 3693 1362 3772 rnellrs,
1380 3694 1476 3758 lactis
1492 3713 1589 3776 copia
1605 3716 1613 3772 ;

791 3768 805 3834 5
1287 3789 1397 3854 Tuam
1414 3799 1560 3873 gentem,

530 3880 1022 3965 Differebatprimumquidem
1287 3886 1497 3949 insistentem

528 3979 699 4060 baptizari,
715 3997 853 4060 sperans
870 3977 970 4042 fidem
999 4011 1002 4020 ·
1286 3991 1363 4043 tuae
1380 3979 1481 4058 laudi,

615 4075 763 4137 humana
780 4076 919 4138 scientia
1289 4075 1437 4139 clemens
1453 4078 1531 4141 audi
1547 4099 1556 4157 ;

531 4171 633 4234 Posse
649 4171 734 4252 capi,
750 4171 808 4234 sed
826 4181 959 4235 secutus
1290 4175 1345 4254 pia
1362 4193 1468 4255 prece,

530 4267 679 4345 Paulum,
696 4267 866 4332 Christum
883 4280 934 4333 est
951 4271 1087 4334 indutus
1289 4289 1395 4352 purga
1412 4268 1503 4333 faece

614 4364 734 4458 ipsum,
747 4365 839 4427 cuius
856 4367 972 4447 gratia,
1247 4363 1447 4448 Christoque
1462 4366 1613 4445 concilia,

1105 4485 1126 4548 9

890 4589 940 4654 Ut
952 4609 1028 4652 cum
1045 4589 1170 4651 sanctis
1186 4589 1219 4651 in
1235 4587 1342 4671 gloria

892 4687 1110 4761 decantemus
1137 4683 1292 4756 Alleluia.
