4116 5784
608 508 751 560 PROSAE
779 507 982 558 ECCLESIAE
1010 507 1246 558 MORINENSIS
1492 510 1564 582 339

345 690 392 741 rd
426 683 661 740 HincMorinen.

341 781 387 832 40
418 764 501 835 signa
517 765 662 820 Morinen.

344 859 357 916 5
372 863 388 902 e
419 845 502 900 miles
515 843 572 899 eris
584 843 706 899 invictus
719 843 753 912 (1)
767 843 911 897 Man'nen.

327 931 392 980 rab
422 926 562 998 psallente
575 925 717 979 Marr'nen.

470 1147 551 1217 231.
585 1122 643 1196 IN
675 1121 1083 1197 CONCEPTIONE
1114 1122 1156 1195 B.
1176 1122 1409 1198 MA'RIAE.

612 1333 624 1379 1
1008 1351 1011 1362 ¹
1242 1331 1256 1396 5

350 1440 476 1517 Gaude,
492 1439 632 1518 caelum,
648 1451 682 1505 et
697 1441 832 1520 laetare,
980 1443 1018 1506 In
1035 1453 1130 1506 utero
1147 1462 1226 1507 suae
1244 1443 1359 1507 matris

349 1537 455 1621 psalle
470 1547 567 1615 terra,
582 1537 705 1620 plaude
722 1559 822 1615 mare,
886 1535 889 1540 ’
980 1539 1038 1603 iiia
1055 1539 1184 1606 Sancto
1201 1540 1265 1603 Dei
1283 1541 1391 1604 Patris

356 1647 358 1652 '
392 1635 502 1698 Deum
520 1633 658 1698 laudent
673 1635 808 1714 omnia;
1025 1635 1151 1720 Spiritu
1169 1636 1374 1720 replebitur;

352 1731 441 1794 Nam
459 1730 598 1794 Creator
614 1740 785 1794 creaturae
981 1733 1021 1796 In
1039 1743 1155 1796 ventre
1171 1732 1379 1798 sanctificata

348 1827 390 1890 ab
407 1828 545 1910 antiquo
561 1827 653 1910 pacis
669 1827 740 1891 sure
977 1830 1093 1894 statim
1110 1850 1185 1893 cum
1205 1829 1287 1893 haec
1303 1833 1366 1895 erit
1382 1841 1462 1896 nata

390 1924 463 1989 vuit
478 1923 606 1988 auferre
624 1924 741 2008 spolia.
1024 1927 1132 1990 Maria
1149 1927 1331 1992 vocabitur.

610 2064 628 2109 2
1242 2049 1263 2110 6

348 2167 404 2231 Ad
423 2167 572 2232 Ioachim
589 2167 643 2230 hic
660 2166 791 2232 fidelem
979 2169 1060 2232 Pare
1076 2189 1200 2248 carens,
1217 2158 1249 2233 in
1267 2171 1434 2253 exemplo,

349 2273 381 2328 et
397 2265 438 2328 ad
456 2265 594 2328 Annam
612 2262 802 2329 Gabrielem
979 2266 1042 2342 die,
1058 2276 1165 2342 nocte,
1183 2266 1248 2329 Dei
1264 2267 1401 2349 temp10,

390 2381 559 2425 summum
577 2363 667 2426 misit
685 2363 839 2426 nuntium
855 2384 863 2440 ;
1021 2363 1212 2445 mancipata
1228 2364 1370 2444 serviet;

349 2455 454 2518 Erant
470 2455 559 2518 enim
577 2455 677 2518 ambo
693 2455 770 2520 iusti
982 2455 1180 2519 Hauriendo
1196 2455 1278 2520 caeli
1295 2477 1414 2538 rorem,

348 2553 556 2616 continentes
573 2561 606 2614 et
621 2552 749 2615 robusti
980 2552 1102 2629 Iesum,
1119 2553 1236 2616 mundi
1254 2553 1464 2622 Salvatorem

392 2659 509 2713 contra
525 2649 684 2732 quodque
700 2650 828 2715 vitium.
1026 2649 1098 2732 ipsa
1115 2650 1210 2732 virgo
1225 2652 1341 2733 pariet.
1351 2649 1368 2679 ¹'

610 2787 627 2849 3
1240 2785 1259 2851 7

349 2889 479 2974 Quibus
496 2891 546 2955 sui
563 2892 689 2955 visione
976 2891 1076 2955 Nunc
1093 2893 1245 2956 accendit
1262 2913 1398 2958 omnem
1414 2916 1537 2961 sexum

347 2989 538 3071 perterritis,
552 2988 615 3052 hoc
632 3008 785 3052 sermone
975 2990 1173 3072 gaudiorum
1191 3009 1251 3070 per
1266 2991 1465 3073 amplexum

390 3085 532 3149 contulit
547 3085 724 3149 solatium:
1021 3086 1150 3148 Mariae
1165 3088 1351 3168 conceptio,

347 3186 363 3214 “
374 3181 515 3245 Vestras
526 3193 805 3264 prece5,vestrum
817 3193 933 3246 votum
980 3181 1076 3264 Quae
1093 3203 1112 3245 a
1130 3181 1205 3245 Deo
1221 3183 1409 3264 praeelecta

349 3279 441 3342 Deus
457 3280 560 3356 novit,
575 3299 663 3342 nunc
680 3289 831 3343 amotum
979 3279 1102 3344 Christi
1121 3279 1230 3342 Mater
1246 3289 1296 3342 est
1313 3280 1432 3345 effecta

391 3387 441 3441 est
457 3387 603 3440 vestrum
621 3377 846 3459 opprobrium.
1024 3376 1081 3440 tali
1100 3377 1265 3439 vaticinio.

351 3625 424 3690 Vos
441 3645 516 3688 cum
536 3625 607 3688 sitis
625 3624 804 3703 infecundi,
978 3623 1070 3706 Ergo
1088 3623 1232 3687 Matrem
1252 3624 1436 3689 Salvatoris

350 3722 427 3786 laeti
444 3723 515 3786 sitis
531 3731 565 3786 et
581 3721 736 3786 iocundi:
977 3719 1059 3784 fides
1075 3721 1184 3784 cordis
1201 3729 1234 3783 et
1251 3741 1319 3784 vox
1335 3723 1401 3785 oris

392 3820 564 3884 invenistis
580 3821 722 3902 gratiam
738 3841 745 3898 ;
1021 3817 1150 3881 exaltet
1167 3819 1199 3881 in
1217 3818 1329 3884 iubilo

349 3916 426 3980 Non
445 3915 587 3980 fraudati
605 3925 733 3980 vestrae
750 3917 819 4000 spei
980 3915 1042 3978 Per
1052 3935 1153 3997 quam
1168 3915 1320 3980 Christus
1336 3914 1440 3998 [Suos
1456 3917 1565 3983 solvat

349 4034 424 4078 cum
440 4015 560 4078 timore
576 4024 694 4078 sancto
711 4015 785 4092 Dei,
979 4035 998 4075 a
1016 4012 1169 4094 peccatis,
1186 4011 1260 4094 nec]
1278 4013 1426 4078 involvat

392 4132 451 4176 vos
467 4113 613 4196 gignatis
630 4110 742 4190 filiam,
1026 4110 1058 4172 in
1076 4129 1259 4192 poenarum
1278 4110 1403 4175 nubilo

345 4281 424 4336 Cette
439 4282 526 4336 Prose
542 4297 572 4335 se
588 4281 702 4335 litdans
711 4281 916 4348 Bnuruuunru,
929 4278 1090 4332 Parnassus
1104 4279 1269 4346 Munianus,
1283 4277 1359 4348 1624,
1372 4296 1399 4350 p.
1406 4295 1448 4348 30.

344 4431 390 4470 20
420 4433 502 4471 suum
515 4415 592 4472 misit
605 4417 817 4470 BALJNGHEM.

344 4502 387 4563 71
415 4496 467 4552 tibi
481 4496 614 4553 vaticinio
623 4497 776 4565 Marium,
787 4492 885 4549 n’offre
898 4510 990 4548 aucun
1003 4510 1077 4548 sens.
1107 4495 1188 4548 Nous
1199 4495 1362 4565 corrigeons
1375 4495 1438 4564 tali,
1456 4495 1565 4550 consor·
1657 4565 1660 4572 ι

306 4579 432 4634 mement
445 4579 463 4632 a
475 4577 602 4634 l’edition
610 4578 646 4633 de
663 4591 737 4648 1523.
763 4577 970 4630 BALJNGHEM
981 4591 998 4629 a
1011 4574 1119 4643 corrige
1124 4575 1195 4643 fida.

343 4659 360 4714 8
379 4661 419 4715 La
432 4660 470 4714 fin
479 4659 515 4715 de
525 4669 599 4715 cette
610 4659 726 4729 strophe
735 4667 779 4713 est
790 4672 959 4725 corrompue
967 4655 1039 4709 dans
1050 4655 1194 4710 Marium.
1216 4657 1261 4711 On
1272 4673 1289 4724 y
1303 4655 1334 4710 lit
1345 4657 1567 4712 textueiiement:

661 4769 720 4822 Par
736 4784 823 4838 quam
843 4763 975 4819 Christus
993 4779 1044 4816 nas
1061 4763 1196 4817 involvat

768 4849 799 4900 in
815 4851 973 4915 paenarum
991 4844 1097 4912 nubila,

660 4931 711 4984 sed
720 4928 844 4998 perenni
857 4927 1050 4996 perfruamur
1062 4925 1172 4994 gaudio
1183 4943 1193 4978 :

307 5043 342 5084 ce
354 5023 402 5098 qui
415 5035 525 5081 estune
537 5021 640 5078 double
655 5017 870 5076 contradiction.
901 5017 940 5071 Le
953 5003 1068 5072 dernier
1079 5031 1141 5070 vers
1155 5013 1296 5070 d'ailleurs
1308 5015 1404 5073 n’offre
1417 5015 1447 5072 ni
1460 5015 1530 5072 rime
1539 5017 1568 5076 ni
