4102 5792
480 551 623 604 PROSAE
651 551 855 603 ECCLESIAE
882 549 1099 602 scortulum
1126 547 1436 602 COMPENDIENSIS
1514 529 1588 622 489

947 727 969 792 6

480 825 484 832 ’
569 835 654 900 Cum
672 855 739 899 non
756 833 862 898 salvet
877 834 1048 898 hominem
1066 832 1148 917 legis
1164 833 1362 910 observati0‚

570 933 663 996 Deus
679 931 794 995 orbem
810 931 924 994 visitat
940 940 1014 995 ortu
1032 931 1226 996 necessario.

683 1152 753 1215 Nec
770 1172 829 1234 per
845 1061 1052 1234 tegem7gens
1068 1149 1224 1228 salvatur,

683 1269 744 1312 nec
761 1257 912 1311 mortuus
927 1247 1108 1312 suscitatur

723 1365 782 1428 per
797 1343 1016 1427 praemissum
1034 1342 1189 1408 baculum
1204 1365 1212 1422 ;

681 1441 800 1504 Donec
816 1439 908 1503 venit
925 1439 1089 1522 Elysaeus

679 1549 713 1602 et
730 1539 762 1600 in
779 1556 878 1600 carne
894 1556 991 1601 verus
1008 1537 1102 1601 Deus

723 1634 871 1697 visitavit
887 1633 1064 1698 saeculum.

349 1808 563 1936 ΙΜέηιιεοιὶῑ.
587 1802 701 1855 Partis:
721 1800 794 1855 Bibl.
811 1801 886 1870 Nat,
904 1813 996 1869 ¹7329,
1011 1799 1135 1854 Graduel
1157 1801 1194 1855 de
1214 1797 1459 1868 saint-Corneille,
1472 1795 1592 1852 uirtute·

333 1899 383 1951 ce,
422 1923 428 1936 .
1498 1895 1500 1902 ⁴

372 2018 380 2057 r
405 2005 444 2059 Le
457 2003 648 2074 parallelisme
675 2003 711 2058 de
724 2013 798 2058 cette
820 2003 935 2073 strophe
948 1973 992 2058 est
1005 2003 1106 2073 parsait
1125 2001 1148 2057 si
1161 2003 1215 2056 l’on
1229 2020 1246 2057 a
1258 2001 1346 2072 egard
1363 2017 1398 2056 au
1411 2000 1531 2056 nombre
1543 1997 1594 2054 des

335 2083 465 2152 syllabes.
495 2083 518 2136 ll
532 2083 641 2138 semble
655 2082 796 2153 imparfait
810 2082 832 2136 si
847 2083 902 2136 l'on
915 2082 1035 2138 observe
1048 2083 1204 2138 seulement
1217 2083 1258 2138 les
1269 2083 1365 2136 rimes.

370 2177 417 2216 20
446 2179 510 2217 vers
523 2161 596 2218 saux.

373 2247 420 2311 sd
454 2243 543 2298 Cunei
557 2245 587 2297 S.

650 2469 732 2543 350.
765 2449 841 2523 ns
874 2451 1060 2524 suurn
1091 2402 1285 2524 umuli.
1382 2450 1384 2454 ’

644 2708 655 2752 1

467 2785 523 2848 Ad
541 2786 674 2850 laudem
692 2785 841 2867 Virginis

466 2902 567 2964 quam
585 2881 689 2964 replet
707 2881 868 2944 Flaminis

554 2979 714 3060 potentia,

425 3082 627 3138 renovantur
642 3073 757 3136 omnia

424 3188 510 3250 quae
527 3168 645 3232 Deitas
662 3171 814 3251 patravit.

467 3263 539 3328 Sub
555 3265 673 3327 umbra
690 3265 856 3343 Numinis,

467 3361 510 3424 ad
527 3360 631 3423 instar
648 3361 792 3424 fluminis

555 3455 591 3520 fit
607 3458 704 3540 copia

426 3552 458 3614 in
476 3571 542 3634 qua
558 3553 642 3616 redit
659 3553 767 3633 gratia

426 3667 512 3730 quae
527 3649 639 3711 saucia
655 3650 790 3714 curavit.

388 3853 391 3858 “
471 3847 588 3910 Rubus
605 3777 682 3929 igrie
698 3848 824 3928 claruit,

470 3962 530 4006 nec
547 3943 697 4006 comburi
714 3947 845 4026 potuit:

557 4038 590 4101 in
606 4039 747 4121 Virgine

426 4133 497 4195 sine
513 4133 573 4195 viri
589 4135 717 4197 semine

427 4226 613 4291 fecunditas
629 4228 785 4294 laudatur
798 4254 806 4310 ;

472 4323 572 4404 Legis
588 4324 706 4388 umbra
721 4325 862 4408 pellitur,

471 4427 504 4482 et
520 4419 563 4481 de
579 4439 703 4484 manna
719 4421 868 4504 gignitur

557 4517 757 4581 vermiculus
772 4543 778 4580 :

428 4609 570 4674 infidelis
586 4614 731 4696 populus

429 4716 467 4769 ut
482 4707 627 4771 haedera
645 4709 794 4774 siccatur.

557 4903 675 4970 Vellus
692 4928 809 4985 rorem,

483 5055 487 5066 .
560 5000 653 5084 virga
670 5002 784 5068 liorem

1185 2691 1251 2752 iam
1268 2687 1431 2770 concepit,

1184 2788 1283 2868 quem
1301 2783 1435 2865 excepit

1054 2882 1223 2946 Gedeonis
1239 2879 1423 2960 conchula;

1186 2968 1292 3035 Stella
1308 2967 1423 3043 solem,

1185 3064 1292 3146 Virgo
1308 3063 1435 3146 prolem

1185 3160 1358 3243 generavit

1184 3277 1285 3339 quam
1303 3254 1448 3338 signavit

1056 3352 1260 3436 prophetalis
1276 3350 1413 3432 virgula.

1271 3569 1293 3628 4

1060 3763 1193 3825 Novum
1212 3761 1304 3823 Deus
1321 3759 1454 3823 aethere

1059 3861 1142 3921 miro
1160 3857 1237 3920 iacit
1254 3877 1373 3939 opere:

1188 3953 1250 4016 Vir
1266 3954 1422 4026 nascitur,

1187 4068 1247 4112 nec
1264 4049 1428 4130 rumpitur

1056 4145 1216 4228 Virginea
1232 4141 1385 4206 clausura
1398 4164 1406 4221 ;

1101 4242 1147 4303 sic
1165 4249 1306 4302 matrem
1323 4237 1499 4320 Virginem

1057 4335 1230 4419 obstupuit
1247 4344 1372 4398 natura

1059 4435 1171 4517 Caput
1187 4433 1306 4516 anguis
1322 4431 1490 4508 sternitur,

1060 4551 1153 4594 sacro
1170 4530 1256 4612 pede
1272 4528 1442 4612 premitur,

1189 4625 1361 4706 subigitur,

1193 4719 1374 4784 conteritur

1061 4818 1104 4882 ab
1120 4817 1258 4881 humani
1277 4815 1427 4882 iactura:
1460 4805 1463 4816 ⁴

1105 4912 1309 4978 Plaudamus
1327 4912 1421 4978 liberi

1061 5006 1103 5072 de
1115 5001 1218 5073 veteri
1236 5007 1369 5076 iactura.
