4102 5790
472 541 541 613 134
775 535 918 588 PROSAE
947 531 1151 584 ECCLESIAE
1177 526 1435 582 LINGONENSIS

509 733 524 784 7
545 720 649 786 Quare,
663 714 731 786 quid
745 715 782 769 A.
794 713 830 768 E.
843 715 877 769 F.
904 715 980 768 Cara
994 711 1057 766 OA.
1080 707 1186 764 excitas
1200 708 1232 776 (l)
1247 708 1286 762 H.
1306 706 1444 779 petiturus
1457 702 1578 772 gratiam
1591 703 1629 758 D.

511 799 715 866 8Deposcunt
733 794 769 848 Α.
798 795 962 864 Reposcunt
973 790 1130 846 B.C.D.F.
1150 788 1301 842 Vr'rdunen.
1337 783 1462 840 civesH.
1497 800 1553 853 qua
1568 783 1630 838 ΟΑ.
1645 785 1733 840 ΗΕΝ.

473 887 611 931 naason.
631 891 716 946 quam
726 873 759 944 (l)
773 874 830 930 LC.

504 973 522 1026 9
544 955 649 1010 Divina
662 953 718 1008 LC.
743 953 834 1008 comis
848 953 884 1006 E.
910 952 1028 1022 calpens
1041 949 1098 1004 LC.
1113 949 1269 1018 Lingonen.

492 1053 523 1092 ιο
542 1053 644 1106 supera
657 1033 728 1089 caeli
742 1034 776 1087 B.
791 1034 822 1087 G.
845 1031 917 1086 caeli
931 1047 1055 1102 sequens
1070 1029 1133 1084 ΘΑ,
1148 1029 1365 1082 Haunarsor.

492 1131 519 1170 11
543 1115 656 1170 Plaudit
678 1113 736 1168 LC.
755 1113 911 1182 Lt'ngonen.
946 1109 1087 1178 sumus(l)
1107 1108 1164 1164 LC.
1197 1106 1307 1177 excepit
1332 1107 1370 1160 ad
1395 1104 1501 1173 inclyta
1528 1103 1679 1158 l‘l'rdunen.
1706 1105 1734 1162 in

471 1197 578 1263 alva(l)
592 1196 625 1248 B.

493 1291 523 1330 12
546 1274 641 1329 Huius
656 1275 689 1328 B.
701 1275 734 1328 F.
759 1274 899 1342 gubernat
911 1271 946 1325 B.
958 1270 991 1324 F.
1002 1269 1041 1323 K.

493 1355 641 1489 gibbi:
653 1353 705 1504 gh
724 1433 766 1487 les
785 1431 930 1486 variantes
949 1429 1032 1484 dela
1051 1427 1177 1482 clausule
1197 1442 1211 1480 z
1231 1443 1286 1498 que
1304 1435 1379 1482 cette
1399 1427 1486 1480 Prose
1505 1443 1536 1480 se
1554 1425 1681 1486 chantait
1700 1443 1737 1481 en

472 1516 619 1568 l'honneur
632 1513 668 1566 de
683 1511 763 1566 Saint
777 1510 892 1578 Martia,
902 1509 938 1564 de
953 1507 1034 1564 Saint
1049 1506 1173 1575 Martial,
1182 1507 1218 1561 de
1232 1507 1312 1561 Saint
1327 1505 1470 1576 Silvestre,
1480 1517 1508 1560 et
1522 1507 1738 1576 probablement

476 1595 599 1648 d’autres
614 1592 709 1647 Saints
723 1607 833 1645 encore.

728 1790 786 1861 88.
818 1786 894 1860 DE
926 1783 1150 1860 SANCTO
1182 1781 1490 1858 MAMMETE.

785 1977 796 2022 1
1414 1970 1429 2036 5

518 2079 621 2156 Voce,
637 2078 737 2142 corde
753 2076 938 2154 iubilemus,
1152 2075 1281 2157 Martyr
1295 2074 1386 2138 enim
1403 2073 1518 2139 firmae
1535 2073 1656 2140 mentis

520 2174 700 2238 iubilantes
715 2172 925 2236 exsultemus
1153 2170 1346 2235 exsultabat
1362 2173 1395 2234 in
1412 2172 1589 2236 tormentis

564 2268 717 2332 sollemni
734 2268 862 2333 laetitia
879 2290 886 2344 ;
1195 2269 1279 2331 dans
1296 2267 1430 2332 Christo
1446 2268 1645 2349 praeconia;

784 2410 801 2455 2
1152 2364 1210 2426 sed
1224 2373 1387 2445 tyrannus
1403 2363 1629 2427 debacchatur

1155 2457 1291 2540 quando
1308 2457 1370 2520 sibi
1387 2459 1561 2522 nuntiatur

524 2511 574 2576 Ut
590 2509 661 2573 laus
678 2509 803 2574 Christi
820 2510 1016 2573 decantetur
1197 2553 1355 2616 certantis
1370 2554 1568 2618 constantia·

524 2616 558 2669 et
573 2605 662 2667 beati
679 2603 863 2667 celebretur

570 2701 764 2762 Mammetis
781 2701 928 2776 victoria,
1417 2739 1439 2802 6

528 2797 595 2880 Qui
611 2817 671 2877 spe
687 2805 776 2858 certa
789 2795 1004 2860 confirmatus

530 2912 595 2956 non
614 2893 752 2972 expavit
769 2893 933 2954 cruciatus
1160 2903 1253 2984 Ergo
1269 2903 1330 2966 sibi
1348 2914 1597 2985 praesentatum

569 3009 629 3052 nec
647 2989 762 3051 mundi
779 2988 950 3070 supplicia.
1156 2999 1253 3060 donis
1271 2998 1403 3076 mulcet,
1420 3001 1624 3083 dignitatum

787 3126 804 3187 3
1200 3096 1424 3175 praetendens
1440 3097 1584 3179 insignia
1597 3121 1605 3176 ;

528 3225 613 3286 pne,
630 3224 738 3286 adhuc
756 3224 920 3287 duodenis
1157 3191 1257 3254 Nunc
1275 3193 1428 3270 minatur,
1440 3213 1527 3258 nunc
1543 3195 1724 3275 blanditur,

527 3339 593 3382 non
611 3319 787 3394 humanae,
803 3320 861 3382 Sed
879 3321 1034 3401 perennis
1159 3288 1215 3350 sed
1234 3288 1283 3350 vir
1299 3298 1433 3352 sanctus
1450 3289 1616 3356 invenitur

572 3416 660 3478 vitae
676 3434 839 3495 quaerens
856 3417 989 3496 gaudia,
1203 3396 1345 3450 “metus
1361 3408 1419 3470 pes
1435 3391 1556 3454 munia·

572 3530 613 3572 nc
630 3509 782 3572 colantur
798 3511 889 3574 idola

570 3605 723 3667 hortatur
740 3605 947 3684 Christicola,
1422 3573 1441 3638 7

572 3701 701 3762 ratione
716 3701 858 3781 praevia.
1159 3711 1191 3774 A
1209 3722 1386 3793 parentum
1404 3715 1598 3798 disciplinis,

529 3797 674 3858 Fervens
692 3795 762 3858 zelo
779 3797 935 3874 caritatis
1160 3827 1269 3889 neque
1285 3828 1390 3891 prece,
1407 3831 1515 3893 neque
1532 3813 1639 3889 miniS,

529 3891 626 3954 rebus
643 3890 710 3952 suis
726 3892 880 3972 erogatis,
1203 3905 1335 3984 tyranni
1351 3909 1488 3970 vesania

571 4009 750 4070 oppressus
767 3990 880 4072 inopia
1127 4020 1132 4030 ·
1163 3998 1262 4061 Illum
1279 3999 1368 4063 valet
1384 4022 1548 4079 amovere,

574 4085 743 4149 Christum
763 4086 874 4149 Deum
891 4090 1072 4169 praedicat,
1160 4116 1268 4178 neque
1284 4109 1425 4179 possunt
1442 4099 1530 4163 hunc
1546 4110 1668 4166 terrere

572 4201 671 4263 quem
689 4182 793 4262 signis
811 4181 1003 4264 magnificat
1203 4203 1273 4255 tam
1291 4195 1373 4257 dura
1390 4194 1524 4278 flagitia.

572 4287 604 4338 et
622 4275 782 4339 virtutum
800 4281 915 4360 gratia.

786 4424 808 4484 4

527 4531 627 4613 Quod
645 4539 681 4592 ut
698 4533 792 4594 novit
808 4533 879 4595 dux
892 4534 1094 4615 prophanus,
1159 4541 1383 4606 Devorandus
1401 4545 1476 4609 feris
1493 4549 1601 4627 datur,

525 4630 557 4689 in
576 4627 664 4688 hunc
681 4637 835 4691 sanctum
854 4629 929 4692 iecit
947 4649 1064 4693 manus
1160 4638 1218 4700 sed
1237 4639 1268 4699 in
1286 4660 1411 4721 agnum
1429 4655 1655 4710 commutatur

567 4725 661 4787 ducis
679 4725 916 4804 inclementia;
1205 4733 1347 4797 serarum
1365 4741 1528 4818 saevitia;

527 4821 685 4900 Dumque
702 4831 839 4885 sanctus
856 4825 903 4887 sic
916 4833 1056 4902 tenetur,
1163 4828 1257 4892 Haec
1275 4831 1440 4896 submissa
1457 4839 1559 4917 pedes
1577 4839 1704 4916 lambit,

527 4935 648 4980 nomen
667 4913 791 4979 Christi
809 4917 995 4998 confitetur,
1162 4924 1243 4988 haec
1260 4927 1420 5009 amplexu
1437 4932 1560 4997 collum
1579 4937 1694 5012 ambit,

571 5013 738 5075 constanti
756 5011 885 5077 fiducia.
1204 5023 1259 5106 pia
1275 5025 1359 5087 dans
1376 5025 1548 5111 obsequia.

1381 4469 1383 4473 Ι
1423 4375 1442 4436 8
