4094 5796
772 547 915 600 PROSAE
942 548 1145 604 ECCLESIAE
1171 551 1463 609 ANDEGAVENSIS

706 747 763 816 29.
798 725 871 800 DE
901 728 941 802 S.
966 727 1205 806 IVLIANO
1237 731 1519 811 EPISCOPO.

569 1050 730 1114 Laetetur
748 1049 899 1115 Ecclesia

568 1147 747 1210 devotione
764 1148 829 1228 pia,

566 1240 739 1306 celebrans
756 1243 932 1308 sollemnia

610 1357 686 1401 curn
704 1339 839 1420 gaudio,

567 1433 688 1497 Iuliani
706 1435 868 1517 praesulis

565 1529 723 1611 fulgentis
741 1531 909 1594 miraculis
920 1553 928 1608 ;

565 1625 687 1709 psallat
704 1625 798 1689 novis
816 1627 960 1689 modulis

607 1723 689 1786 haec
706 1723 833 1788 concio

783 1861 801 1906 2

567 1965 669 2028 Hunc
687 1983 816 2029 rnorum
836 1964 1003 2042 nobilitas,

564 2061 672 2124 bonae
689 2062 776 2124 vitae
792 2063 953 2126 sanctitas

563 2167 662 2220 ornat
678 2166 780 2239 atque
797 2157 931 2221 claritas

606 2272 686 2316 suae
702 2253 813 2335 gentis

563 2346 730 2412 Defensor
745 2359 778 2412 et
795 2349 912 2412 civitas

561 2444 664 2508 fontis
679 2444 758 2508 clari
777 2446 908 2510 novitas

562 2551 594 2606 et
610 2541 743 2625 puellae
759 2544 886 2607 sanitas

605 2641 809 2720 resurgentis

561 2878 681 2942 Iuliani
699 2878 852 2960 precibus

559 2975 618 3037 dat
635 2972 728 3036 Deus
744 2973 941 3036 ardentibus

556 3073 764 3155 caeterisque
780 3072 937 3136 omnibus

601 3169 796 3234 remedium.

1198 936 1256 1002 Ad
1273 948 1306 1002 te
1322 941 1567 1022 suspirantibus

1199 1031 1320 1098 festum
1339 1037 1585 1104 celebrantibus

1198 1129 1330 1194 devotis
1346 1133 1528 1198 visceribus

1243 1226 1286 1290 da
1302 1229 1473 1309 gaudium.

1412 1398 1435 1458 4

1196 1531 1266 1594 Vas
1283 1533 1529 1599 misericordiae

1195 1638 1227 1691 et
1244 1629 1363 1692 doctor
1378 1632 1521 1714 egregie,

1194 1743 1309 1804 preces
1327 1736 1457 1790 nostras
1474 1727 1574 1791 hodic

1239 1818 1286 1880 ser
1302 1819 1333 1882 in
1351 1819 1460 1885 caelis.

1196 1911 1249 1975 Da
1267 1923 1303 1977 ut
1320 1913 1382 1978 lrui
1398 1917 1514 1998 gratia,

1193 2029 1276 2092 pace
1292 2019 1325 2074 et
1342 2013 1529 2092 concordia,

1194 2104 1306 2170 valeat
1323 2107 1484 2186 Ecclesia,

1237 2202 1368 2284 praesul
1385 2202 1475 2268 felix

1411 2365 1427 2431 5

1193 2495 1286 2556 Bone
1303 2505 1419 2576 pastor
1434 2496 1559 2574 oviurn,

1192 2589 1291 2652 saluti
1309 2589 1456 2654 fideliurn

1192 2685 1369 2749 subvenias
1386 2688 1535 2751 omnium

1235 2791 1314 2845 ante
1331 2780 1451 2847 Deum.

1189 2877 1313 2942 Sancte
1329 2878 1460 2958 praesul
1479 2877 1609 2956 nobilis,

1189 2973 1285 3036 nobis
1302 2975 1485 3050 invisibilis,

1188 3079 1301 3134 custos
1318 3071 1507 3136 amicabilis

1231 3166 1276 3229 sis
1293 3167 1325 3230 in
1343 3186 1473 3232 aevum.

506 3393 716 3443 Manusorlts.
733 3389 828 3442 Parus
844 3403 850 3442 :
866 3385 939 3440 Bibl.
957 3389 1032 3456 Nat,
1047 3385 1107 3455 868,
1124 3385 1223 3440 Missel
1237 3385 1384 3456 d'An'gers,
1398 3393 1446 3439 xve
1458 3385 1553 3455 siecle,
1567 3387 1601 3440 Z.

506 3485 546 3538 La
561 3485 648 3538 Prose
668 3494 711 3539 est
731 3483 869 3555 precedee
888 3483 962 3537 dans
981 3484 1013 3538 Z.
1034 3493 1062 3538 et
1081 3483 1153 3538 dans
1173 3483 1214 3537 les
1233 3483 1348 3537 Missels
1367 3483 1510 3553 imprimes
1529 3483 1668 3552 d’nngers
1689 3484 1727 3538 du

469 3575 561 3619 verset
574 3565 766 3635 alleluiatique
780 3565 901 3632 suivant,
915 3564 962 3634 qui
976 3563 1039 3618 n’en
1053 3563 1103 3616 fait
1117 3562 1196 3633 point
1209 3563 1301 3632 partie
1317 3580 1323 3618 :

893 3696 1013 3750 Plaudat
1028 3697 1094 3750 urbs
1110 3696 1305 3751 Cenomanica

892 3775 1000 3830 honore
1014 3776 1085 3831 tanti
1099 3775 1247 3846 praesulis,

860 3849 862 3856 ’
890 3869 1039 3925 perquem
1052 3865 1132 3910 tauta
1145 3855 1283 3910 miracula

894 3932 963 3988 liunt
976 3935 1078 3989 diebus
1092 3935 1220 4005 singulis.

893 4014 980 4082 Ignis,
998 4031 1083 4082 mors,
1097 4015 1228 4084 daemon,
1243 4024 1355 4070 caetera

891 4093 996 4147 cedunt
1008 4094 1045 4148 ab
1058 4094 1285 4164 aegrotantibus,

891 4188 924 4226 ac
938 4172 1042 4226 dantur
1054 4173 1096 4228 eis
1109 4191 1228 4229 munera

890 4261 1006 4306 aeterna
1019 4251 1079 4307 eius
1092 4253 1232 4323 precibus.

501 4362 548 4402 20
579 4359 682 4404 ornant
696 4349 733 4402 Z.

501 4442 547 4496 30
579 4428 804 4500 supplicantibus
817 4427 850 4480 Z.

502 4519 516 4575 5
530 4513 551 4562 b
582 4508 681 4563 salutis
694 4510 720 4562 A
725 4507 879 4578 ndegaven.
904 4524 925 4575 g
950 4508 1081 4562 amabilis
1095 4509 1278 4582 Andagaven.
1294 4510 1342 4564 fait
1356 4527 1393 4564 un
1407 4528 1471 4566 vers
1484 4515 1556 4567 laux.
