4108 5794
447 505 520 580 250
685 501 827 558 PROSAE
855 502 1059 556 ECCLESIAE
1085 467 1426 556 CATHALAVNENSIS

716 763 794 851 165.
828 757 903 831 DE
933 758 1156 834 SANCTO
1189 757 1444 832 MEMMIO.

750 1007 760 1053 ¹
1374 1011 1396 1071 4

614 1163 847 1228 Laetabundus
1162 1165 1342 1232 Suscitavit
1359 1165 1462 1230 filium

488 1260 650 1325 Memmio
666 1263 822 1326 decantet
840 1264 1005 1341 mundus;
1158 1263 1254 1346 regis,
1270 1273 1367 1327 extra
1383 1261 1530 1340 fluvium,

614 1357 788 1422 Alleluia!
1247 1359 1331 1422 ualle
1346 1367 1456 1422 nostra
1470 1381 1484 1432 ,-

618 1453 672 1517 Fit
689 1453 875 1536 profundus
1162 1453 1219 1520 Ad
1238 1455 1302 1518 Dei
1318 1455 1464 1518 officium

487 1568 532 1611 ex
548 1567 683 1630 pagano
698 1549 817 1613 doctor
833 1549 987 1626 mundus,
1162 1551 1334 1616 suscitavit
1350 1550 1452 1615 alium

618 1666 668 1708 res
685 1646 847 1710 miranda.
1248 1668 1344 1710 carne
1357 1655 1496 1730 sumpla.

1383 1783 1398 1850 5

1161 1890 1244 1954 Tres
1260 1910 1377 1954 caecos
1394 1890 1569 1966 illuminat,

1164 1987 1335 2050 mundana
1351 1987 1553 2050 determinat

1248 2103 1314 2145 esse
1328 2103 1418 2146 caeca
1428 2107 1443 2159 ,-

1163 2177 1302 2260 Leprosi
1319 2187 1384 2240 tres
1402 2177 1612 2252 mundantur,

615 2239 665 2302 sol
676 2238 716 2302 de
729 2239 847 2314 stella,·
891 2335 897 2350 1
1162 2273 1344 2336 daemones
1360 2272 1559 2356 effugantur,

530 2335 623 2398 Voto
640 2335 802 2397 mundum
819 2335 964 2412 abdicat,
1161 2367 1309 2450 languidi
1326 2367 1528 2432 comitantur

530 2450 612 2493 voce
628 2429 739 2492 Deum
756 2430 927 2512 praedicat
1247 2463 1510 2546 haspraedicta,

616 2536 740 2606 semper
752 2525 851 2590 clara.
1378 2585 1400 2646 6

751 2724 768 2786 3
1162 2697 1312 2776 Memmi,
1328 2719 1389 2762 nos
1406 2699 1513 2776 visita,

1162 2795 1208 2856 sic
1225 2804 1261 2858 tu
1279 2815 1339 2859 nos
1355 2796 1477 2873 excita,

531 2889 626 2955 Sicut
642 2887 795 2954 Christus
816 2889 940 2966 docuit,
1161 2909 1203 2953 ne
1219 2891 1323 2954 simus
1339 2891 1479 2974 perdita,

531 2993 762 3070 paupertatem
780 2985 888 3049 tenuit
1242 3007 1325 3067 gens
1341 2987 1461 3050 misera
1474 3011 1488 3062 ,-

613 3080 817 3164 parisorma
829 3104 844 3156 ‚·
1164 3089 1281 3172 Dirige
1296 3111 1409 3172 opera,

532 3177 702 3242 Christum
719 3177 812 3260 sequi
829 3176 944 3254 voluit,
1162 3179 1227 3241 duc
1245 3199 1306 3240 nos
1322 3179 1365 3242 ad
1382 3179 1528 3256 aethera,

531 3273 778 3337 contemnenda
794 3275 908 3338 docuit
1165 3273 1205 3336 Ei
1222 3274 1424 3339 confoedera

617 3369 699 3432 haec
715 3379 873 3450 corrupta.
1121 3369 1231 3454 Quem
1243 3369 1361 3452 genuit
1368 3382 1538 3453 puerpera.

749 1864 766 1910 2

532 2049 610 2112 Lux
627 2047 735 2112 lucem
752 2050 940 2126 annuntiat,

529 2144 611 2206 dum
628 2163 673 2206 ex
697 2143 770 2226 ipso
787 2145 893 2207 radiat

482 3615 691 3667 Manuscrlts.
716 3611 831 3664 Pnats:
856 3609 928 3664 Bibl.
940 3611 1017 3678 Nat,
1032 3611 1092 3678 840,
1105 3611 1205 3666 Missel
1224 3613 1260 3667 de
1274 3611 1585 3680 Chilons-surMame,
1598 3608 1706 3666 xv‘sid·

369 3715 372 3726 ·
446 3694 497 3761 cie,
513 3692 547 3758 V,·
571 3691 631 3758 842,
647 3689 737 3758 idem,
750 3689 868 3743 xve-xvie
878 3688 971 3757 siecle,
982 3691 1015 3744 Z.
1042 3691 1109 3758 (Ces
1120 3691 1192 3745 deux
1205 3691 1320 3746 Missels
1328 3709 1364 3746 ne
1374 3702 1494 3763 portent,
1504 3708 1540 3744 au
1550 3691 1708 3760 catalogue,

446 3789 558 3920 3323
569 3769 745 3826 attribution.
778 3769 818 3823 La
831 3768 911 3838 piece
924 3786 979 3840 que
993 3787 1064 3824 nous
1074 3770 1207 3841 publions
1220 3771 1295 3826 suffit
1314 3772 1332 3825 ὲ
1351 3770 1522 3826 determinet
1534 3771 1595 3825 leur
1607 3786 1705 3841 prove·

483 4040 500 4090 4
513 4029 535 4078 b
566 4024 642 4078 iuxta
654 4023 769 4077 fluvium
785 4021 972 4077 Caletanum.

486 4118 499 4173 5
520 4104 569 4158 Un
580 4120 642 4157 vers
656 4103 765 4158 semble
778 4101 837 4156 dtre
850 4101 947 4156 rombe
960 4102 996 4156 de
1009 4103 1037 4156 la
1050 4101 1189 4172 premiere
1203 4103 1293 4174 partie
1306 4104 1342 4159 de
1359 4115 1432 4159 cette
1452 4103 1576 4173 strophe,
1596 4102 1665 4156 dont
1683 4101 1708 4154 le

449 4182 638 4255 parallelisme
660 4182 745 4238 iaisse
768 4179 920 4236 adesirer.
954 4183 1035 4236 Nous
1058 4199 1093 4236 ne
1113 4183 1220 4238 l’avons
1240 4185 1338 4239 trouve
1360 4185 1432 4238 dans
1445 4199 1537 4238 aucun
1556 4182 1606 4238 des
1617 4191 1709 4236 textas

450 4262 621 4318 manuscrits
634 4279 669 4316 ou
684 4260 828 4332 imprimes
843 4277 898 4331 que
914 4278 986 4316 nous
1000 4277 1089 4315 avons
1103 4264 1255 4318 consultas.

484 4345 502 4398 6
523 4343 653 4396 L'auteur
665 4341 700 4395 de
713 4341 741 4395 la
755 4342 842 4395 Prose
855 4361 872 4397 a
885 4341 963 4396 imite
976 4357 1054 4396 assez
1067 4353 1273 4398 correctement
1286 4344 1312 4397 le
1326 4344 1436 4413 rythme
1449 4343 1487 4398 du
1499 4339 1708 4396 Laelabundus.

451 4423 527 4478 Mais
546 4439 597 4476 son
611 4419 723 4476 dernier
736 4437 801 4474 vers
823 4432 865 4476 est
891 4420 1039 4476 incorrect.
1068 4422 1091 4476 ll
1102 4440 1120 4492 y
1132 4439 1150 4476 a
1163 4422 1212 4477 ran
1226 4434 1320 4479 entrer
1338 4441 1375 4478 en
1388 4423 1452 4478 efiet
1466 4441 1503 4477 un
1514 4439 1578 4478 vers
1591 4432 1619 4476 et
1632 4419 1709 4476 demi

448 4505 485 4557 du
500 4517 632 4556 morceau
647 4500 694 4572 qui
709 4500 747 4555 lui
761 4502 865 4556 servait
878 4501 914 4556 de
925 4501 1044 4560 mudule.
