4108 5794
436 585 443 600 ἱ
493 511 565 584 224

761 509 905 562 PROSAE
933 509 1140 562 ECCLESIAE
1167 509 1501 562 MONASTERIENSIS

490 693 542 757 62.
566 691 620 755 De
635 688 941 755 Commendatione
969 688 1006 753 B.
1018 687 1156 766 Mariae,
1176 691 1265 774 quod
1283 688 1429 754 officium
1454 690 1520 754 dici
1537 698 1649 774 potest
1666 691 1751 770 Sab-

376 787 380 796 '
621 787 708 850 batis
721 785 805 848 inira
823 783 950 850 Pascha
971 794 1005 849 et
1023 783 1254 864 Pentecosten,
1271 785 1455 870 Sequentia
1473 808 1481 852 ε
1521 786 1658 870 Virgini
1672 787 1750 852 Ma-

620 881 691 946 riae
705 881 818 944 landes
832 882 1008 944 concinant.
1042 880 1109 944 K.2
1113 897 1161 962 32.

489 983 540 1062 63.
565 980 619 1043 De
635 978 666 1044 S.
683 978 788 1042 Paulo
803 987 956 1060 patrono,
974 977 1178 1060 Sequentia:
1213 977 1332 1042 Sancte
1347 979 1463 1056 Paule,
1474 981 1602 1044 rncnta.
1689 995 1749 1060 150

488 1078 540 1156 64.
565 1075 709 1140 infesto
727 1073 880 1138 Lanceae
896 1083 930 1137 et
947 1073 1127 1138 Clavorum
1147 1075 1296 1152 Domini,
1313 1075 1516 1158 Sequentia:
1560 1075 1750 1140 Hodiernac

611 1172 739 1252 festum
754 1169 836 1234 lucis
850 1179 888 1234 ct.
921 1169 1021 1250 K.54.

781 1455 860 1524 149.
893 1431 1200 1508 DOMINICIS
1232 1433 1447 1509 DIEBVS.

794 1655 807 1700 1

528 1741 723 1825 Prrfitcntes
744 1739 911 1805 Unitatcm

486 1899 490 1908 .
526 1859 719 1903 veneremur
739 1836 937 1902 Trinitatem

563 1933 646 2016 pari
660 1932 851 1996 reverantia.

527 2030 719 2096 Adoremus
736 2027 975 2092 ascendentem

528 2126 699 2192 Christum
715 2124 810 2190 caelo
826 2124 1015 2186 venientem

572 2223 710 2306 plenum
727 2221 819 2284 omni
835 2221 952 2302 gratia.

792 2342 810 2389 2

448 2504 453 2510 ¹
481 2427 484 2434 '
532 2427 615 2492 Dies
631 2425 717 2488 festa
732 2423 928 2498 celebratur,

532 2522 714 2587 Dominica
729 2519 896 2584 vocitatur

574 2639 636 2702 pro
652 2636 776 2699 magno
793 2616 973 2698 mysterio:

530 2715 700 2798 Quoniam
717 2710 944 2775 sanctificatur

529 2811 601 2876 dies
613 2811 678 2872 ista
693 2817 727 2872 et
743 2807 873 2871 dicatur

480 2959 482 2965 ,
574 2905 708 2972 Christo
725 2903 789 2968 Dei
808 2903 902 2968 Filio.

532 3109 612 3192 Ipsa
626 3025 810 3171 Dominica3
821 3105 877 3169 die

531 3203 694 3281 Christus,
710 3199 798 3265 filius
814 3201 953 3278 Mariae,

574 3309 673 3363 natus
689 3318 762 3362 esse
778 3306 1004 3377 monstratur;

531 3397 610 3479 Ipsa
626 3395 807 3460 Dominica
823 3395 887 3470 die,

528 3514 548 3557 a
563 3501 680 3569 morte,
695 3489 813 3574 plenus
828 3489 966 3572 gloriae,

572 3587 756 3652 surrexisse
771 3587 925 3651 creditur.

473 3769 479 3780 .
531 3791 683 3858 Advenit
698 3709 957 3874 ignis4Divinus,

1424 1653 1439 1720 5

1162 1741 1273 1806 Prima
1289 1741 1370 1820 luce,
1383 1744 1547 1806 mundum
1565 1741 1644 1806 fecit

1160 1847 1397 1922 vetustumque
1413 1841 1588 1904 renovavit

1203 1942 1240 1996 ut
1257 1953 1344 1998 nova
1359 1934 1427 1997 sint
1442 1938 1557 2000 omnia
1570 1957 1579 2018 ;

1160 2029 1271 2094 Prima
1287 2031 1350 2108 die,
1368 2029 1427 2094 lux
1444 2029 1578 2112 effulsit,

1162 2123 1314 2190 Christus
1327 2147 1388 2189 nos
1405 2126 1617 2206 illuminavit,

1203 2222 1340 2288 veniens
1358 2223 1390 2286 in
1406 2227 1550 2306 propria.

1421 2333 1443 2394 6

1163 2424 1201 2488 In
1219 2425 1390 2509 scripturis
1403 2427 1564 2509 figuratur

1160 2520 1233 2583 dies
1249 2523 1313 2586 ista
1328 2533 1362 2586 et
1377 2524 1530 2606 signatur

1203 2617 1237 2680 in
1256 2617 1397 2684 Sabbati
1414 2622 1535 2703 requie,

1161 2711 1340 2778 Servitutis
1357 2716 1552 2798 prohibetur

1160 2829 1255 2892 opus,
1275 2821 1312 2874 ut
1329 2811 1422 2875 Deus
1437 2823 1550 2876 oretur

1203 2917 1457 2990 praeceptorum
1475 2909 1567 2972 serie.

1162 3107 1334 3172 Fidelibus
1348 3029 1571 3193 cont7emplari

1160 3223 1255 3266 orare
1271 3215 1305 3267 et
1321 3206 1461 3268 revereri

1207 3298 1367 3364 Sanctam
1385 3299 1631 3368 Eucharistiam

1161 3395 1375 3478 Praecipitur,
1391 3401 1575 3480 praedicari

1161 3492 1299 3555 verbum
1318 3493 1381 3556 Dei
1398 3505 1432 3557 et
1448 3497 1556 3558 audiri

1203 3587 1246 3650 ad
1264 3589 1421 3652 Divinam
1439 3590 1589 3673 gloriam.

1161 3791 1393 3856 Renascamur
1408 3813 1484 3857 cum
1502 3805 1660 3860 nascente

531 3909 631 3973 quem
648 3887 784 3950 flamma
798 3905 864 3950 non
879 3885 992 3950 lucens
1006 3888 1117 3950 minus
1162 3885 1305 3966 Christo,
1322 3889 1481 3973 baptismi
1498 3892 1630 3969 virtute,

575 3985 608 4048 in
625 3985 815 4066 linguarum
832 3983 951 4065 specie,

532 4080 677 4164 Spiritus
694 4079 839 4145 Sanctus
857 4079 1024 4143 Dominus

530 4175 723 4260 septiforme
740 4174 846 4239 Suum
863 4194 984 4239 munus

574 4273 652 4339 Suis
667 4271 762 4335 dedit
777 4271 887 4336 hodie.

1120 4385 1141 4447 9

1206 3993 1252 4062 ut,
1268 4003 1355 4048 nova
1371 3997 1530 4065 creatura,

1162 4079 1391 4162 Resurgamus
1408 4093 1515 4147 morte
1531 4084 1659 4166 culpae,

1159 4177 1238 4258 quia
1255 4195 1343 4238 mors
1359 4187 1410 4241 est
1427 4177 1551 4244 Christi
1569 4191 1676 4246 morte

1204 4272 1363 4354 absorpta
1378 4273 1527 4342 victoria.

904 4473 949 4537 Et
962 4471 997 4535 in
1004 4473 1076 4556 fida
1085 4473 1277 4554 gloriemur,

902 4579 936 4634 et
952 4569 986 4632 in
1003 4591 1070 4633 nna
1086 4569 1290 4634 modulemur

935 4663 1020 4746 fidcc
1035 4665 1216 4730 constantia
1226 4689 1241 4742 ,·

902 4759 1059 4826 Trinitati
1076 4771 1336 4845 praesentemur,

903 4853 1036 4921 Unitati
1052 4846 1226 4936 sociemur,

946 4953 1009 5018 Cui
1026 4953 1098 5018 laus
1113 4962 1147 5018 et
1156 4953 1277 5036 glorta.
