4102 5790
483 509 532 580 94

798 508 940 560 PROSAE
967 507 1170 559 ECCLESIAE
1197 508 1424 561 LEODIENSIS

724 691 782 782 ⁶5.
823 686 898 760 bs
930 685 969 762 s
998 685 1178 760 envuo
1209 686 1516 764 APOSTOLO.

792 840 803 886 1

615 936 753 1014 Doctori
770 937 922 1018 gentium

613 1041 731 1114 gentes
747 1031 950 1114 applaudite,

613 1139 758 1211 votaque
774 1130 936 1192 mentium

614 1245 695 1288 voce
711 1227 906 1308 depromite„

615 1322 743 1384 Pastori
760 1321 916 1404 gregibus

612 1437 725 1481 curam
743 1418 945 1500 impendere,

613 1523 783 1596 pastorem
799 1514 918 1577 ovibus

615 1609 778 1673 incumbit
794 1611 910 1674 colere.

787 1738 805 1784 2

614 1829 768 1894 Electum
785 1829 965 1905 vasculum,

612 1925 747 1989 honoris
763 1925 933 2003 ferculum,

612 2023 740 2086 timoris
757 2043 898 2086 vacuum

611 2120 680 2183 iure
696 2119 873 2202 percolitis,

611 2220 667 2301 qui
684 2217 751 2280 veri
767 2216 927 2299 quaeritis

612 2313 714 2377 sontis
732 2312 901 2394 irriguum.

615 2408 774 2491 Exempli
790 2408 945 2490 gratiam,

613 2504 720 2568 laudis
737 2503 922 2580 materiam,

611 2602 643 2663 in
661 2600 724 2663 hoc
741 2600 861 2662 exsilio

610 2695 740 2758 confert
755 2705 789 2758 et
804 2694 966 2777 gaudium

609 2790 757 2854 doctoris
773 2791 924 2872 gentium

610 2909 703 2954 sacra
719 2889 899 2952 conversio.

677 3018 803 3192 Rapari
818 3127 924 3184 mane,

611 3228 685 3272 sero
702 3206 887 3284 munificus,

676 3323 742 3366 non
759 3305 868 3381 inane,

610 3399 785 3464 Beniamin
804 3400 946 3482 typicus,

609 3495 686 3560 tulit
702 3496 897 3577 auspicium.

675 3591 764 3654 Parit
782 3599 888 3652 mater

607 3686 733 3751 doloris
749 3684 863 3762 filium,

675 3791 772 3844 vocat
788 3790 883 3863 pater

608 3879 750 3941 dextrae
766 3873 970 3958 suffragium,

607 3975 728 4039 doctus
744 3973 954 4056 mysterium.

608 4193 708 4278 Quod
725 4192 846 4257 Saulus
863 4193 973 4276 rapuit

609 4289 730 4353 Paulus
746 4289 923 4366 distribuit,

608 4386 732 4450 Divisit
748 4385 855 4468 spolia

607 4482 690 4564 legis
706 4481 739 4542 in
756 4482 872 4562 gratia

783 4604 798 4670 5

606 4697 716 4783 Quem
734 4698 854 4761 Annas
870 4696 987 4760 statuit

605 4797 725 4859 ducem
743 4793 889 4856 malitiae

606 4891 759 4957 Christus
774 4889 929 4954 exhibuit

606 4987 795 5052 ministrum
812 4986 948 5069 gratiae,

1245 921 1334 984 Dum
1352 929 1449 986 vacat
1464 919 1621 983 caedibus

1242 1029 1397 1082 caecatus
1413 1019 1536 1080 corruit
1551 1039 1558 1094 ;

1244 1114 1356 1196 Lapsa
1371 1115 1413 1177 de
1430 1113 1573 1177 nubibus

1243 1230 1311 1274 vox
1327 1229 1403 1273 eum
1421 1209 1531 1292 arguit
1548 1233 1556 1272 ε

1242 1421 1258 1450 “
1275 1416 1342 1482 Cur
1360 1329 1646 1500 Me7persequeris,

1243 1512 1352 1589 Saule,
1370 1533 1429 1576 nec
1446 1512 1618 1594 sequeris?

1244 1609 1312 1674 Cur
1329 1611 1361 1673 in
1379 1609 1529 1674 aculeum

1241 1706 1342 1770 vertis
1357 1705 1575 1770 calcaneum?

1243 1905 1327 1970 Cum
1347 1905 1404 1968 Me
1420 1905 1625 1989 persequeris

1242 2011 1410 2083 praestare
1426 2001 1569 2065 crederis

1244 2097 1328 2160 Mihi
1345 2097 1553 2180 obsequium,

1243 2194 1282 2258 In
1302 2194 1387 2257 Meis
1404 2193 1568 2270 iratribus,

1242 2291 1387 2354 cruentis
1404 2290 1568 2366 manibus,

1243 2387 1407 2449 versando
1423 2385 1598 2468 gladium?

1243 2573 1401 2636 Excessit
1414 2505 1536 2650 l9ittera,

1242 2679 1414 2734 cesserunt
1431 2677 1561 2732 vetera:

1241 2782 1439 2844 praeconem
1455 2765 1584 2846 gratiae

1241 2860 1292 2924 Te
1308 2881 1396 2924 nunc
1412 2861 1581 2925 constituo
1596 2883 1605 2940 ;

1241 2977 1339 3041 surge
1354 2957 1514 3020 continuo
1526 2979 1534 3036 ;

1244 3051 1586 3117 memm”

1407 3177 1445 3225 10

1242 3255 1273 3322 O
1290 3255 1390 3340 plena
1404 3257 1521 3340 gratia,

1241 3354 1283 3417 de
1299 3353 1392 3416 cuius
1408 3351 1543 3416 cumulo

1241 3447 1360 3512 Arenti
1376 3449 1474 3531 copia

1238 3543 1403 3608 redundat
1419 3542 1560 3610 saeculo.

1406 3663 1418 3708 1
1429 3663 1441 3708 1

1241 3731 1339 3796 Felix
1355 3731 1495 3811 vocati0,

1240 3849 1307 3892 non
1324 3837 1461 3912 propter
1477 3827 1643 3910 meritum,

1241 3925 1353 4007 Larga
1368 3925 1516 4004 donati0,

1238 4021 1295 4085 sed
1313 4029 1445 4103 praeter
1461 4020 1632 4086 debitum!

1394 4138 1431 4183 12

1238 4217 1298 4280 Per
1314 4237 1422 4300 aquae
1439 4218 1596 4296 medium,

1236 4334 1294 4396 per
1310 4314 1431 4396 ignem,
1444 4315 1579 4396 spiritus

1236 4409 1292 4471 Ad
1310 4408 1513 4491 refrigerium

1236 4505 1355 4567 transit
1370 4505 1538 4569 divinitus.

1403 4617 1439 4680 13

1237 4699 1371 4762 Mutato
1388 4701 1523 4764 nomine

1236 4803 1384 4858 mutatur
1401 4795 1561 4870 moribus,

1236 4891 1409 4956 Secundus
1425 4891 1549 4966 ordine,

1234 4987 1361 5070 primus
1378 4986 1556 5051 laboribus.
