4116 5784
510 533 581 624 398

778 547 920 598 Phosnts
947 541 1150 594 ECCLESIAE
1178 539 1489 592 BVRDEGALENSIS

622 730 703 819 278.
738 725 795 798 IN
829 716 1277 797 DECOLLATlONE
1308 717 1346 790 S.
1373 667 1658 790 IOHANNIS

982 826 1306 904 BAPTISTAE.

817 988 827 1034 1

551 1064 606 1128 Ad
624 1062 785 1126 honorem
803 1058 877 1134 Tui,
893 1055 1034 1130 Christe,

550 1158 691 1224 colimus
707 1175 802 1220 sacra
819 1152 992 1236 Baptistae

596 1253 755 1317 Iohannis
771 1247 946 1314 sollemnia
960 1269 969 1324 ;

550 1351 626 1415 Tua
641 1349 745 1412 virtus
762 1345 983 1429 praedicatur,

552 1446 647 1510 miles
664 1445 758 1508 Tuus
774 1443 854 1506 dum
872 1437 1027 1502 laudatur

593 1543 720 1624 potitus
737 1537 884 1601 victoria.

549 1725 653 1790 Cuius
669 1731 764 1805 gesta
780 1650 1042 1798 cozntemplando

550 1832 584 1885 et
601 1840 659 1903 per
675 1815 807 1899 singula
824 1813 977 1877 mirando

592 1913 747 1998 stupidus
764 1909 887 1974 efficior
900 1931 908 1989 ;

550 2012 643 2075 Inter
659 2019 756 2074 natos
773 2006 958 2081 mulierum,

549 2118 586 2172 ut
601 2114 743 2171 testatur
760 2102 861 2168 Sator
877 2117 984 2163 rerum

592 2221 659 2266 non
676 2198 822 2263 surrexit
838 2195 957 2278 potior.

551 2391 688 2458 Lucifer
704 2400 859 2454 aeternae
877 2385 988 2462 Lucis,

547 2508 665 2552 norma
683 2501 960 2572 morum,praeco
977 2480 1090 2555 DuciS,

592 2585 664 2646 dux
681 2583 724 2646 ad
742 2600 844 2662 regna
860 2575 992 2654 caelica,

548 2679 711 2761 Angelus,
727 2678 785 2740 sed
804 2695 870 2738 non
888 2683 1007 2736 natura

546 2794 661 2838 verum
679 2774 839 2836 virtutum
857 2767 962 2850 figura

594 2869 679 2935 iallit
697 2867 784 2931 fraus
801 2863 977 2929 haeretica.

807 2979 829 3040 4

435 3146 437 3152 Ι
547 3055 980 3128 Sterilishociecundatur,
1100 3041 1102 3047 ’

546 3157 698 3222 Christus
714 3151 790 3216 alvo
807 3150 978 3225 salutatur,

589 3271 671 3336 puer
687 3257 800 3314 mutus
816 3246 963 3328 loquitur
980 3265 987 3322 ;

547 3349 661 3411 Bonae
677 3343 747 3427 spei
764 3342 958 3406 adolescens

545 3443 651 3507 maior
665 3450 699 3504 et
715 3440 748 3502 in
764 3437 861 3501 bonis
877 3456 1028 3500 crescens

588 3529 676 3594 ultro
692 3526 784 3590 silvis
800 3524 942 3588 additur.

544 3721 674 3802 Corpus
690 3720 806 3782 domat
822 3715 954 3794 ieiuni0,

544 3815 676 3899 vigiliis,
692 3813 810 3890 cilicio,

546 3913 611 3976 Pro
626 3911 706 3974 vino
721 3907 861 3992 lympha
878 3907 981 3990 poti0,

544 4007 698 4084 locustae,
716 4004 791 4082 mel,
807 4003 951 4067 reiectio.

545 4199 725 4262 Pravorum
744 4214 852 4257 mores
868 4191 1012 4274 corrigit,

542 4312 676 4376 gressus
693 4298 850 4353 nutantes
866 4287 989 4369 dirigit,

543 4388 665 4472 (Virgo
681 4387 782 4450 decus
798 4382 976 4462 castitatis)

544 4484 695 4564 ineptum
713 4477 889 4544 moechum
907 4477 1050 4560 corripit

1443 977 1462 1042 7

1182 1093 1283 1156 Fiunt
1298 1091 1376 1154 hinc
1394 1090 1457 1153 ritu
1474 1087 1611 1150 sinistro

1225 1187 1356 1250 funesta
1373 1185 1498 1248 natalia
1512 1205 1519 1262 ;

1182 1283 1310 1365 Regem
1327 1282 1420 1345 ducit
1436 1279 1479 1344 ad
1497 1279 1674 1342 iurandum

1225 1379 1357 1462 puellae
1373 1377 1517 1440 lascivia.

1442 1501 1460 1562 8

1223 1613 1253 1676 0
1272 1613 1374 1675 virtus
1394 1612 1469 1674 iusti
1488 1610 1593 1672 mira!

1224 1709 1255 1774 O
1272 1708 1358 1788 regis
1376 1727 1469 1768 mens
1485 1704 1610 1768 delira!

1182 1933 1411 1998 Obtruncatur
1428 1929 1471 1992 ab
1487 1928 1621 1991 incestis

1224 2027 1326 2090 decus
1343 2024 1531 2107 pudicitiae,

1180 2122 1280 2206 Quod
1299 2133 1430 2184 secatur
1446 2129 1644 2202 prorogatur

1224 2217 1399 2300 exemplar
1417 2215 1607 2278 Ecclesiae:

1433 2345 1471 2391 10

1224 2440 1324 2523 Quod
1342 2459 1408 2502 non
1425 2438 1459 2501 ni
1475 2459 1534 2520 per
1550 2457 1667 2519 aspera

1224 2537 1330 2600 iustus
1345 2535 1476 2598 scandit
1492 2533 1602 2596 sidera
1616 2554 1624 2614 ;

1223 2632 1326 2696 Cuius
1343 2629 1522 2694 decollatio

1222 2747 1311 2791 nunc
1328 2725 1364 2790 fit
1382 2725 1478 2789 nobis
1493 2725 1625 2808 gaudio.

1432 2863 1466 2909 ll

1310 2968 1341 3032 Ο
1359 2968 1522 3049 Baptista,

1307 3061 1379 3124 dies
1396 3061 1460 3125 ista

1177 3159 1228 3222 cui
1246 3157 1359 3240 psallit
1376 3157 1562 3240 praeconia,

1308 3253 1376 3316 Fac
1393 3262 1583 3316 nostrorum

1308 3359 1522 3432 peccatorum

1175 3445 1393 3527 detergantur
1409 3442 1573 3525 contagia.

1431 3581 1468 3627 12

1177 3676 1321 3758 Spiritus
1337 3675 1454 3740 Sancti
1470 3677 1578 3758 gratia

1176 3771 1307 3837 Cuncta
1324 3770 1490 3853 pellantur
1506 3771 1595 3836 vitia.

1432 3899 1468 3962 13

1087 4087 1089 4091 ι
1175 4001 1316 4067 Gressus
1333 4011 1473 4079 nostros,
1490 4001 1521 4066 Ο
1538 4001 1681 4078 lucerna,

1175 4118 1262 4180 rege,
1277 4099 1402 4161 ducens
1419 4097 1461 4162 ad
1479 4117 1623 4179 superna

1219 4193 1364 4274 paradisi
1380 4193 1505 4276 gaudia
1522 4214 1530 4272 ;

1175 4288 1243 4353 Ubi
1259 4289 1316 4372 pio
1332 4290 1425 4371 gregi
1442 4289 1542 4352 mixti

1173 4404 1334 4448 canamus
1351 4385 1383 4446 in
1401 4383 1501 4448 laude
1517 4384 1640 4450 Christi

1218 4479 1310 4562 pium
1328 4499 1460 4561 semper
1475 4475 1633 4544 Alleluia.

536 4615 732 4668 Manuscrlt.
755 4610 871 4663 Parus:
892 4607 965 4661 Bibl.
981 4609 1056 4676 Nat,
1070 4608 1131 4678 871,
1146 4599 1246 4664 Missel
1259 4608 1295 4662 de
1305 4608 1462 4677 Bordeaux,
1477 4621 1524 4662 rrve
1533 4610 1628 4678 siecle,
1644 4611 1687 4664 W.

538 4715 579 4764 tl
609 4709 703 4778 potius
722 4707 765 4760 W.

536 4803 582 4858 30
612 4789 684 4846 caeli
704 4789 748 4843 W.

530 4872 610 4928 dod
643 4875 697 4928 Ces
710 4869 1049 4926 verssontevidemment
1062 4877 1268 4940 corrompusd
1298 4871 1401 4926 ducem
1415 4871 1604 4944 Burdegalen.

533 4967 549 5020 7
562 4959 584 5009 b
615 4953 743 5010 natalitia
759 4951 803 5006 W.
819 4951 1004 5022 Burdegalm.
1019 4949 1160 5007 contraire
1173 4969 1209 5007 au
1222 4954 1341 5023 rythme.

517 5049 550 5090 to
561 5051 582 5090 a
612 5038 641 5091 in
655 5035 715 5107 pari
729 5049 813 5104 spera
827 5033 1015 5102 Burdagalm.
1038 5033 1066 5087 in
1079 5049 1233 5104 peraspera
1251 5035 1293 5088 W.
