4094 5796
613 569 755 622 rnossu
782 567 984 620 nccsssmn
1009 561 1301 618 Auusoavnnsrs
1535 561 1580 640 57

559 792 616 885 38.
649 789 725 865 us
756 749 980 865 snucro
1010 787 1336 864 sennnauo

349 1029 373 1075 1.
397 1010 527 1094 Spoleti
544 1009 634 1074 claro
657 1011 821 1092 sanguine
842 1017 950 1085 natuS,
967 1009 1156 1074 Serenedus
1180 1009 1312 1072 Romae
1335 1008 1472 1070 tandem
1498 1007 1579 1090 dya-

438 1127 544 1171 conus
560 1107 740 1172 cardinalis
756 1107 939 1169 ordinatur.

345 1221 372 1269 2.
396 1203 470 1267 Illic
491 1223 551 1286 per
566 1201 707 1266 lustrum
733 1203 809 1266 Deo
831 1202 1023 1279 serviens,a
1047 1201 1198 1284 plurimis
1222 1201 1411 1283 impensam
1434 1199 1577 1282 gloriam

438 1319 539 1382 aegre
554 1299 703 1381 pertulit,

346 1413 374 1478 3.
398 1395 508 1480 Quam
526 1395 655 1458 calcare
671 1415 803 1478 semper
819 1395 1022 1472 desiderans,
1039 1395 1168 1458 monitu
1185 1392 1348 1475 angelico
1361 1393 1477 1457 urbem
1494 1391 1579 1456 cele·

440 1493 520 1555 riter
535 1491 723 1574 dereliquit.

343 1606 373 1669 4.
398 1587 454 1651 Ab
472 1587 591 1651 Italiae
607 1586 816 1671 Alpiumque
836 1587 964 1651 nivosis
984 1586 1125 1650 collibus
1145 1587 1328 1669 pervicacis
1345 1584 1475 1650 Galliae
1495 1583 1578 1648 fines

439 1684 525 1748 citus
541 1684 727 1766 ingreditur
741 1705 748 1762 ;

347 1794 372 1862 5.
397 1778 500 1846 Cuius
517 1788 709 1844 sanctorum
726 1779 807 1844 locis
824 1779 969 1862 plurium
983 1779 1136 1856 visitatis,
1147 1779 1225 1843 inde
1239 1777 1312 1842 vico
1326 1777 1460 1844 Salviae
1471 1775 1578 1843 Ceno·

440 1876 582 1954 manico,
598 1876 733 1941 Christo
749 1877 844 1954 duce,
861 1895 989 1940 moram
1008 1877 1123 1940 traxit.

342 1974 372 2038 6.
395 1972 465 2038 Ubi
482 1993 614 2036 summa
636 1973 846 2048 discretione,
874 1973 971 2036 bonis
995 1993 1117 2035 vacans
1141 1971 1309 2054 operibus,
1332 1970 1454 2034 divinis
1477 1969 1579 2034 collo·

437 2069 524 2150 quiis
541 2079 575 2131 et
590 2069 751 2151 angelicis
768 2068 948 2132 fruebatur.

343 2179 370 2246 7.
396 2163 473 2248 Quo
489 2165 692 2246 quandoque
709 2184 858 2248 superse
875 2173 998 2246 raptus,
1009 2163 1097 2227 clam
1113 2164 1204 2228 facta
1221 2163 1403 2228 multorum
1420 2182 1458 2225 ac
1477 2161 1579 2225 etiam

436 2263 604 2342 cogitatus
621 2261 837 2342 agnoscebat.

342 2357 369 2420 8.
395 2356 546 2419 Edoctus
562 2358 711 2420 veritatis
728 2357 855 2439 spiritu,
871 2355 1061 2421 nullatenus
1079 2355 1157 2433 falli,
1174 2365 1232 2419 aut
1249 2355 1281 2419 in
1297 2357 1367 2418 eius
1386 2363 1576 2437 conspectu

436 2453 614 2534 quisquam
632 2453 765 2516 mentiri
782 2462 925 2535 poterat.

342 2564 370 2628 9.
394 2547 428 2611 A
443 2547 570 2630 populo
592 2557 747 2630 suscepta
770 2550 860 2612 dona
880 2549 1062 2624 charitatis,
1078 2549 1255 2630 egentibus
1279 2547 1394 2610 statim
1420 2546 1577 2629 largiens,

435 2643 657 2726 philargeriae
673 2645 788 2708 statim
805 2645 980 2708 damnavit
996 2645 1124 2708 vitium.

325 2755 370 2803 10.
393 2739 588 2803 Peccatores
616 2741 781 2804 erroribus
811 2751 913 2824 atque
939 2741 1027 2804 vitiis
1055 2741 1199 2804 irretitos
1227 2749 1399 2802 aeternum
1427 2737 1577 2802 devitare

435 2835 550 2898 docuit
566 2837 777 2918 supplicium.

324 2947 368 2994 11.
393 2931 432 2994 In
450 2930 570 2994 litteris
586 2933 810 3010 doctissimus,
827 2933 949 2996 idiotas
965 2943 999 2996 et
1015 2935 1149 3015 ignaros
1165 2931 1318 2995 erudivit.

323 3043 368 3092 12.
392 3027 583 3105 Discordes‚
599 3030 690 3110 pacis
707 3039 847 3107 amator,
863 3031 895 3092 in
914 3050 996 3111 pace
1013 3039 1173 3112 perpetua
1186 3027 1392 3091 reformavit.

322 3138 366 3201 13.
392 3121 468 3200 Sed,
496 3124 586 3205 quod
614 3126 751 3206 grandis
789 3126 994 3208 approbatur
1022 3125 1144 3200 meriti,
1175 3123 1391 3188 Cenomanos
1418 3122 1571 3186 liberavit

432 3229 538 3302 peste,
554 3219 650 3296 same,
666 3221 788 3302 gladio.

320 3331 366 3394 14.
394 3314 580 3398 Leprosum
614 3317 759 3382 restituit
789 3319 936 3396 sanitati,
966 3319 1074 3382 coecis
1105 3317 1217 3380 lumen
1258 3315 1434 3399 acquisivit
1464 3313 1571 3377 crucis

433 3411 627 3476 ministerio.

320 3519 365 3586 15.
390 3505 527 3570 Etcum
551 3509 654 3572 tantis
670 3508 841 3573 laboribus
858 3509 1057 3587 insudasset,
1076 3509 1259 3573 virbeatus
1281 3529 1300 3572 a
1318 3507 1453 3572 Christo
1476 3527 1568 3570 coro·

432 3601 563 3666 nandus
580 3604 613 3666 in
630 3606 788 3686 proximo
804 3605 919 3670 sentiit
941 3615 1092 3669 mortem.

320 3699 364 3762 16.
388 3697 500 3781 Quam
518 3703 716 3782 praedicens
733 3701 913 3786 discipulis,
937 3723 1019 3765 mox
1043 3701 1216 3765 doctrinae
1239 3701 1394 3764 salutaris
1422 3697 1572 3782 protexit

431 3795 644 3861 documenta.

321 3905 367 3968 r7.
394 3891 435 3954 Et
466 3891 621 3974 denique,
649 3893 830 3957 Dominico
857 3895 1089 3976 praemunitus
1116 3893 1345 3968 Sacrament0,
1372 3892 1508 3955 beatum
1537 3891 1569 3953 in

431 3985 631 4052 caelestibus
648 3991 788 4054 tradidit
803 3991 967 4072 spiritum.

320 4083 366 4178 ¹8:
388 4081 485 4147 Tunc
510 4083 542 4148 in
566 4087 637 4149 eius
662 4087 814 4164 transitu,
840 4087 883 4150 de
907 4086 1052 4163 sublimi,
1072 4085 1237 4149 melodiae
1264 4085 1411 4149 suavitas
1438 4083 1572 4147 auditur

431 4179 637 4261 angelorum,

319 4289 364 4352 19.
389 4273 442 4338 Ac
458 4276 570 4339 odoris
588 4279 713 4342 insoliti
730 4299 834 4360 vapor
850 4280 1067 4342 suavissimus
1081 4279 1188 4361 replet
1200 4299 1298 4342 nares
1313 4277 1548 4361 spectantium.

315 4386 364 4434 20.
387 4370 419 4436 O
435 4391 538 4453 quam
555 4373 642 4450 Tibi,
656 4365 797 4450 Christe,
814 4395 909 4438 carus
926 4375 1096 4439 confessor
1113 4375 1175 4439 iste
1188 4375 1342 4451 creditur,

315 4481 363 4530 21.
388 4465 465 4550 Quo
482 4480 642 4550 poscente
658 4492 696 4534 ac
719 4481 877 4548 merente,
893 4471 1007 4535 multis
1024 4469 1186 4535 beneficia
1202 4491 1261 4552 per
1276 4471 1327 4534 Te
1343 4469 1567 4533 conferuntur.

315 4577 363 4626 22.
388 4563 443 4626 Ad
468 4584 609 4646 quorum
635 4568 849 4644 consortium,
873 4587 1086 4650 quaesumus
1110 4587 1171 4631 nos
1188 4569 1343 4650 adiunge,
1366 4577 1399 4630 et
1425 4565 1572 4628 concede

430 4661 520 4741 quod
538 4665 696 4743 prostrati
713 4663 927 4745 flagitamus:
988 4707 990 4710 -

315 4771 364 4836 23.
389 4755 438 4819 Ut
455 4755 500 4818 nil
525 4777 605 4840 ergo
621 4760 717 4823 nobis
734 4769 768 4822 et
791 4761 919 4841 patriae
942 4759 1075 4836 bellum,
1102 4759 1206 4823 sames
1228 4771 1263 4823 et
1288 4760 1391 4842 pestis
1420 4767 1572 4836 noceant,

432 4851 592 4918 Serenedi
607 4857 733 4919 meritis
745 4857 1014 4939 impetrantibus,
1025 4857 1130 4939 gratis
1143 4876 1280 4932 annuas,
1294 4857 1471 4919 mitissime
1484 4856 1570 4920 Iesu.

316 4963 364 5026 24
388 4947 443 5025 Et,
458 4949 501 5012 de
516 4947 590 5014 lacu
604 4951 706 5016 foecis
719 4961 753 5016 et
766 4953 929 5030 miseriae,
941 4955 1077 5017 demum
1092 4973 1153 5017 nos
1167 4952 1347 5023 transferas
1359 4963 1392 5016 et
1406 4953 1570 5036 perducas

430 5044 472 5119 ad
489 5065 630 5132 regnum
647 5047 784 5131 gloriae.
