4096 5794
687 542 830 594 PROSAE
857 545 1046 598 ABBATIAE
1075 544 1279 626 Baccurtffls
1548 547 1620 620 529

385 736 413 789 17
434 724 610 793 Deportatur
624 721 701 778 CSS.
720 721 794 778 WE.

385 802 415 856 18
434 803 539 858 resulta
553 801 605 856 CF
611 801 655 856 W.

383 897 414 950 19
432 881 496 936 Tibi
511 881 547 935 sit
563 881 624 935 01).
639 881 691 934 CF
694 881 736 934 W.
751 880 903 934 Eboracen.
918 882 1136 935 HENDERson'.
1168 881 1232 934 Tibi
1247 881 1333 936 decus
1345 883 1400 937 LS.

380 977 409 1015 21
432 971 539 1030 martyr
551 959 675 1030 gloriose
688 961 742 1014 LS.
754 959 815 1014 OD.
830 961 853 1014 C
853 963 906 1014 SS.
919 961 970 1015 CF
974 961 1017 1016 W.
1028 961 1180 1016 Eboracen.
1191 962 1406 1016 HENDERSON.
1514 985 1518 993 ¹
1571 983 1578 992 ·

465 1285 546 1373 380.
583 1282 638 1354 IN
672 1281 1080 1355 CONVERSIONE
1111 1282 1315 1358 SANCTI
1350 1283 1527 1362 PAVLI.

389 1583 412 1630 1.
439 1564 572 1628 Laudes
588 1563 724 1629 Christo

386 1713 413 1760 2.
438 1696 607 1774 Canamus
623 1693 766 1758 colendo
784 1693 877 1758 Pauli
894 1694 1080 1772 sollemnia,

386 1809 413 1872 3.
437 1791 547 1874 Quem
566 1791 733 1854 Dominus
750 1798 844 1854 tanta
860 1789 981 1864 ditavit
997 1791 1115 1872 gratia,

383 1939 412 2000 4.
438 1919 487 1985 Ut
503 1921 621 1984 doctor
636 1919 788 2003 gentium
805 1919 849 1984 ab
864 1920 956 1984 omni
974 1930 1110 1984 vocetur
1128 1919 1289 1998 Ecclesia,

387 2030 412 2096 5.
436 2015 557 2098 Agnus
573 2016 616 2079 de
632 2015 720 2098 lupe,
736 2015 778 2078 de
794 2025 1005 2097 persecutore
1021 2015 1234 2097 evangelista.

384 2146 413 2210 6.
437 2145 570 2211 Mutata
587 2154 664 2210 sunt
680 2165 791 2229 opera,
808 2155 980 2210 mutantur
995 2155 1028 2209 et
1045 2146 1201 2210 nomina:
1219 2144 1341 2208 Paulus
1358 2145 1550 2210 nominatur
1566 2147 1622 2230 qui

494 2241 615 2307 Saulus
631 2242 835 2307 antedictus
852 2241 959 2306 suerat
974 2263 982 2320 ;
1521 2315 1524 2322 Ι

384 2353 412 2418 7.
437 2338 622 2420 instigatus
638 2337 724 2401 suria
738 2337 847 2402 dirum
865 2337 953 2401 virus
970 2335 1115 2415 efflabat,
1142 2347 1254 2421 strage
1278 2337 1443 2401 dirissima
1472 2338 1622 2428 membra

493 2433 617 2498 Christi
634 2433 784 2496 saeviens
800 2433 956 2498 vexabat.

386 2567 414 2630 8.
440 2565 517 2628 Lux
533 2564 689 2628 aetherea
706 2584 805 2646 quem
822 2563 1078 2645 circumfulgens
1094 2564 1165 2627 visu
1182 2564 1299 2647 privat,

386 2677 414 2740 9.
440 2659 656 2743 Spiritualem
673 2659 731 2722 sed
748 2661 778 2722 ei
795 2660 952 2723 intuitum
969 2660 1082 2724 donat.

368 2807 412 2852 10.
438 2790 627 2853 Minantem
644 2809 760 2852 saevas
777 2787 930 2853 fidelibus
946 2809 1072 2871 poenas

369 2903 412 2948 11.
438 2885 565 2950 Sternit
581 2905 667 2963 eum,
683 2886 742 2948 sed
759 2895 909 2949 ruentem
926 2886 1043 2962 elevat,

367 3031 411 3078 12.
437 3015 613 3079 Deiectum
632 3015 790 3097 increpat,
811 3015 985 3097 increpans
1002 3016 1172 3092 emundat,
1197 3013 1272 3077 fidei
1289 3001 1462 3078 doctrinae
1530 3033 1621 3078 com·

494 3111 645 3188 mendat‚

367 3253 411 3316 13.
437 3235 657 3300 Defensorem
676 3235 847 3300 Ecclesiae
863 3236 1005 3313 ordinat,

366 3358 411 3420 14.
436 3343 632 3407 Panduntur
648 3342 694 3405 illi
711 3341 824 3405 divina
841 3349 977 3416 secreta,

365 3487 401 3533 12
415 3470 444 3533 b.
468 3470 583 3620 plagi}
594 3489 727 3553 quoque
742 3469 843 3533 verba
860 3469 891 3531 in
910 3467 1004 3532 caelo
1021 3467 1172 3550 mystica,
1189 3487 1276 3549 quae
1291 3465 1419 3530 homini
1440 3475 1518 3532 sunt
1539 3467 1621 3532 inel-

504 3577 523 3620 a
550 3576 614 3622 rra.

366 3702 411 3769 15.
435 3687 546 3770 Quem
565 3687 748 3769 Synagoga
764 3686 855 3768 prius
872 3686 1072 3748 educaverat

365 3784 411 3848 16.
437 3783 656 3848 Postmodum
674 3782 818 3846 laetatur
833 3790 939 3844 matre
958 3781 1117 3844 Ecclesia.

364 3933 409 3999 17.
435 3917 597 4000 Mysteria
612 3935 698 3999 quae
714 3923 852 3979 noverat
870 3935 928 3996 per
944 3922 1054 3978 totum
1072 3913 1142 3976 iens
1159 3913 1275 3977 orbem
1293 3889 1472 3995 praedicat.

366 4049 411 4112 18.
435 4046 537 4110 Venit
555 4047 701 4110 Romam
718 4065 832 4110 verum
850 4044 962 4109 Deum
980 4045 1194 4122 annuntians,

366 4161 411 4226 19.
437 4143 528 4207 Nero
544 4142 668 4205 resistit
684 4143 740 4224 qui
757 4140 889 4205 colebat
905 4139 1012 4218 idola;

366 4287 402 4352 17
416 4272 447 4336 b.
472 4271 563 4334 Ense
578 4271 652 4334 diro
668 4269 760 4332 illum
780 4277 876 4333 necat
894 4271 1021 4332 mundo
1039 4279 1238 4352 exemptum
1257 4270 1360 4334 mittit
1376 4270 1418 4334 ad
1436 4279 1534 4336 astra.

364 4417 413 4466 20.
437 4399 514 4482 Quo
530 4418 591 4461 nos
608 4397 799 4461 miserando
815 4397 977 4480 perducat

364 4511 413 4560 21.
436 4495 585 4559 Adiutos
601 4513 700 4576 prece
717 4491 811 4556 Pauli
828 4501 953 4556 sancta.

381 4677 591 4807 lManuuorlt.
614 4671 729 4725 Parus:
752 4669 825 4724 Bibl.
851 4671 928 4736 Nat,
950 4680 1025 4737 1105,
1047 4669 1147 4724 Missel
1166 4670 1203 4724 de
1225 4671 1354 4740 l’abba'ye
1372 4670 1410 4726 du
1424 4671 1625 4741 Becartrsu·

363 4770 415 4822 ce,
432 4754 463 4808 T.

385 4905 416 4956 14
436 4887 629 4945 Parallelisme
642 4885 787 4957 imparlait
801 4904 807 4941 :
821 4903 877 4942 une
890 4887 999 4941 lacune.

382 4985 418 5024 ao
436 4971 516 5025 Deus
529 4967 624 5040 ajoute
637 4967 900 5038 posterieurement,
914 4967 1054 5020 contraire
1067 4984 1103 5022 au
1117 4969 1226 5037 ryllrme
1243 4970 1279 5024 T.
