4096 5794
444 424 515 512 568
774 438 915 488 mosne
942 436 1146 486 uccuesrne
1174 435 1386 486 Lvunuusrs

745 640 828 706 403.
862 615 936 687 DE
966 613 1191 688 SANCTO
1224 613 1400 687 LVCIO.

752 819 762 864 ¹
1379 817 1394 883 5

448 933 571 998 Psallat
584 941 699 994 nostro
709 929 828 994 chorus
841 939 952 993 noster
959 929 1071 994 Lucio.
1206 931 1346 995 Metallo
1362 932 1550 1008 damnatur,

751 1067 769 1112 2
1164 1037 1198 1090 ut
1216 1027 1297 1090 nihil
1314 1027 1361 1091 sic
1377 1027 1550 1108 frangatur

1249 1122 1336 1186 flecti
1352 1121 1482 1185 nescius
1496 1143 1502 1196 ;

1208 1217 1274 1282 Sed
1292 1229 1409 1282 tonsus
1425 1218 1608 1300 quadratur

1163 1316 1309 1397 quadrus
1314 1361 1603 1378 .....................

1251 1423 1284 1475 et
1301 1423 1367 1474 stat
1385 1411 1518 1474 firmius.

490 1177 600 1260 Quem
619 1175 729 1238 Roma
747 1183 852 1237 mater
867 1175 991 1256 genuit,

491 1273 650 1353 magistra
666 1269 773 1350 legem
790 1269 905 1332 docuit

534 1367 682 1430 divinam
700 1375 734 1428 et
748 1364 930 1428 humanam
948 1389 955 1443 ;

494 1464 590 1526 Haec
606 1463 693 1525 circa
708 1481 807 1544 posse
822 1461 946 1544 profuit

494 1561 524 1623 ei
541 1560 672 1623 sedum
689 1559 866 1641 supposuit
1383 1551 1405 1612 6

539 1664 573 1718 et
588 1653 782 1718 cathedram
801 1653 1000 1718 ROmanam·
1083 1681 1128 1746 Et
1144 1703 1221 1745 ecce
1237 1683 1500 1758 reintronizatur,

759 1791 777 1854 3
1083 1787 1120 1841 ut
1136 1779 1265 1859 pridem
1283 1778 1371 1841 idern
1389 1777 1634 1860 proclamatur;

499 1895 570 1956 lam
590 1891 683 1954 Lucii
701 1891 760 1954 lux
776 1889 907 1968 diffluit,
1126 1875 1167 1936 ad
1186 1894 1277 1937 asma
1294 1873 1384 1937 sums
1399 1882 1538 1950 θνῡῦὃῒῐ

497 1988 558 2052 sub
574 2007 652 2050 vase
668 1985 778 2049 claudi
795 1987 912 2061 renuit,
1084 1969 1307 2036 Conclamant
1322 1973 1433 2035 cuncti
1448 1995 1454 2035 :
1470 1976 1486 2003 “
1504 1969 1685 2046 Moriatur;
1698 1969 1713 1993 ”

539 2085 571 2146 in
589 2103 723 2146 summo
740 2081 844 2164 figens
861 2093 995 2158 statum,
1084 2067 1221 2130 ClamOYi
1239 2077 1334 2150 pales
1349 2067 1547 2150 gratulatur,

498 2181 587 2245 Nam
606 2199 728 2261 papam
746 2189 841 2261 pates
857 2179 975 2256 indust,
1130 2163 1160 2224 in
1179 2182 1214 2224 se
1231 2161 1377 2226 furentes
1395 2171 1563 2245 provocat.

498 2277 686 2341 doctrinam
704 2293 832 2336 sacram
850 2273 1012 2355 compluit
1392 2316 1410 2380 7

543 2372 622 2435 luna
638 2371 804 2433 damnans
821 2378 975 2434 erratum.
1104 2432 1116 2446 ,

1090 2433 1134 2494 lst
1151 2453 1226 2494 ecce
1238 2443 1339 2515 caput
1356 2433 1524 2497 submittit
1540 2433 1662 2514 gladio,

761 2509 782 2569 4
1088 2547 1270 2610 caesusque
1286 2528 1375 2592 vitae
1391 2549 1567 2611 praecurso
1583 2528 1693 2592 stadio

502 2615 587 2679 Cum
605 2612 728 2696 passim
746 2632 818 2674 reos
835 2613 958 2692 arguit·
1087 2633 1223 2686 aeterno
1238 2625 1446 2688 coadunatur
1462 2625 1577 2688 bravio
1593 2647 1599 2700 ;

501 2711 579 2776 urbs
595 2718 667 2772 tota
683 2707 781 2770 simul
797 2709 944 2786 confluit,

544 2806 639 2890 plebs
655 2804 801 2868 concitat
817 2817 970 2867 senatum
987 2828 992 2882 ;
1091 2807 1181 2889 Ergo
1198 2819 1321 2885 nostra,
1338 2818 1432 2889 pater
1450 2808 1542 2886 Luci,
1557 2807 1682 2882 concio,

502 2903 587 2970 Cum
605 2901 688 2964 haec
704 2919 770 2962 non
789 2909 930 2963 matrem
947 2902 1042 2964 exuit
1088 2923 1188 2984 quarn
1206 2913 1263 2965 tua
1280 2913 1371 2966 tuam
1390 2902 1467 2966 fecit
1484 2904 1633 2986 adoptio,

500 3020 587 3084 quae
603 2999 649 3060 sic
666 2998 699 3060 in
716 2995 844 3079 prolem
864 2996 966 3073 irruit,
1090 2998 1137 3060 sic
1153 3007 1212 3062 tuo
1229 3018 1317 3061 nunc
1334 2999 1466 3063 insistat
1482 2999 1617 3062 servitio

546 3115 612 3159 non
629 3094 785 3157 deserens
802 3101 973 3174 papatum.
1090 3103 1125 3154 ut
1142 3102 1201 3155 tuo
1218 3114 1276 3175 per
1291 3103 1325 3157 te
1341 3094 1470 3157 fruatur
1484 3097 1617 3176 gaudio.

501 3289 512 3344 5
528 3293 545 3329 e
577 3290 640 3328 vers
654 3272 806 3342 incomplet
820 3291 827 3335 ;
841 3271 907 3341 cinq
920 3271 1043 3341 syllabes
1056 3281 1223 3342 manquent.

498 3369 513 3423 7
536 3357 559 3410 ll
573 3355 632 3410 doit
646 3371 784 3425 manquer
796 3370 834 3407 un
849 3352 940 3408 versa
953 3352 980 3406 la
993 3352 1130 3422 premiere
1140 3352 1231 3424 partie
1245 3353 1281 3406 de
1294 3363 1367 3406 cette
1381 3353 1505 3422 strophe.
1566 3427 1570 3434 .

502 3483 542 3538 Le
555 3492 629 3537 texte
644 3491 686 3535 est
699 3481 845 3550 identique
859 3481 930 3532 dans
947 3481 1082 3549 Husrrr'err.

719 3761 802 3828 404.
837 3736 910 3808 nr]
942 3735 1165 3810 snncro
1195 3735 1464 3810 cuonem.

493 4015 518 4061 r.
542 3996 642 4059 Nunc
659 3992 755 4056 nobis
772 4012 933 4069 succurre,
949 4001 1077 4055 sacrate
1094 3991 1227 4074 Georgi,

493 4145 519 4190 2.
545 4127 594 4191 Ut
610 4124 725 4188 laudes
741 4123 859 4186 demus
875 4123 935 4187 tibi
951 4124 1080 4206 dignas
1097 4126 1128 4190 O
1146 4124 1278 4207 Georgi,

494 4239 520 4302 3.
545 4223 607 4287 Cui
624 4221 734 4284 nullus
750 4219 884 4302 dignior
899 4231 949 4282 est
967 4219 1073 4300 laude,
1090 4221 1121 4285 O
1139 4220 1261 4303 Georgi
1277 4243 1283 4298 ;

491 4371 520 4431 4.
544 4353 596 4416 Tu
614 4371 726 4433 regern
744 4349 857 4426 vincis,
874 4349 904 4414 O
922 4349 1055 4432 Georgi,

434 4475 437 4480 ·
493 4463 520 4528 5.
545 4448 672 4512 Multos
688 4445 863 4523 convertis
880 4446 912 4511 Ο
929 4446 1051 4528 Georgi
1069 4469 1077 4524 ;

489 4581 518 4643 6.
542 4579 595 4642 Tu
613 4577 803 4642 Dacianum
822 4575 985 4640 fervidum
1001 4576 1192 4654 confudisti,
1210 4577 1240 4642 O
1259 4577 1391 4660 Georgi,

463 4681 467 4755 f
489 4691 518 4755 7.
541 4675 595 4739 Tu
613 4675 822 4741 Christianos
837 4671 1000 4754 plurimos
1015 4669 1220 4750 confortasti,
1238 4671 1269 4736 O
1287 4672 1409 4754 Georgi
1428 4697 1434 4751 ;

463 4841 466 4847 ·
491 4806 518 4867 8.
545 4805 711 4887 Reginam
729 4801 997 4867 Alexandrinam
1015 4802 1206 4868 credentem
1223 4811 1258 4864 tu
1278 4803 1393 4880 fecisti,
1410 4803 1440 4868 O
1459 4802 1592 4885 Georgi,
1709 4869 1716 4878 ,

490 4919 519 4980 9.
545 4902 755 4966 Daemonem
775 4902 806 4963 in
824 4899 982 4980 abyssum
1000 4908 1058 4963 tuo
1076 4901 1164 4963 iussu
1183 4900 1380 4978 demersisti,
1397 4901 1427 4966 Ο
1446 4900 1569 4984 Georgi
1585 4921 1592 4979 ;
