4108 5794
479 531 551 604 270
758 531 900 584 PROSAE
927 531 1131 584 ECCLESIAE
1157 531 1453 587 THARENTASIAE

820 767 899 838 180.
931 762 1006 836 DE
1036 764 1074 838 S.
1098 761 1400 842 GABRlELE.

784 1001 794 1046 ¹
1412 1001 1427 1066 5

477 1136 691 1220 Proloquium
707 1133 813 1198 altum
830 1133 1007 1198 recitemus
1105 1132 1155 1198 Te
1170 1138 1295 1200 creavit
1312 1135 1405 1200 Deus
1423 1139 1618 1218 mirabilem,

475 1232 650 1310 Gabrielis,
665 1239 701 1295 ut
718 1249 780 1294 nos
795 1228 973 1294 incitemus
1105 1237 1138 1292 te
1154 1231 1303 1312 respexit
1319 1231 1475 1298 ancillam
1492 1234 1662 1312 humilem,

474 1329 531 1394 Ad
548 1347 707 1404 amorem,
722 1344 840 1390 omnes
856 1325 1050 1402 vocitemus,
1105 1323 1155 1388 Te
1171 1325 1336 1408 quaesivit
1352 1347 1512 1410 sponsam
1529 1331 1720 1410 amabilem,

474 1427 516 1488 ad
534 1423 595 1488 has
607 1423 723 1487 laudes
739 1421 840 1485 corda
856 1441 914 1484 ora
929 1421 1057 1486 demus.
1103 1420 1163 1484 tibi
1180 1441 1352 1505 nunquam
1369 1422 1448 1488 lecit
1464 1426 1682 1494 consimilem.

779 1584 798 1630 2
1408 1559 1430 1622 6

472 1723 676 1809 nuperatfix
693 1723 786 1785 cuius
803 1720 943 1803 imperio
1058 1749 1062 1758 .
1104 1689 1152 1759 Te
1167 1692 1300 1758 beatam
1319 1691 1456 1806 laudare
1468 1699 1608 1782 cupiunt
1638 1796 1646 1810 ·

470 1833 542 1886 tota
558 1820 682 1904 gaudet
699 1817 850 1883 caelestis
866 1815 994 1894 concio,
1103 1807 1221 1851 omnes
1239 1787 1364 1868 Sanct1,
1380 1793 1438 1856 sed
1456 1812 1523 1857 non
1540 1793 1719 1876 sufficiunt,

469 1919 580 1982 Tanta
597 1917 669 1980 laus
685 1925 735 1979 est
751 1913 812 1979 tibi
828 1914 861 1978 in
881 1912 968 1978 Fffio
1102 1883 1190 1948 Nam
1208 1895 1259 1950 tot
1276 1885 1392 1954 laudes
1408 1891 1469 1954 tibi
1486 1896 1692 1960 conveniunt

468 2015 559 2098 quod
574 2013 722 2078 humana
739 2029 804 2074 „on
822 2010 912 2092 capit
929 1979 1022 2074 ,350¹
1099 1982 1189 2062 quod
1207 1981 1385 2048 laudantes
1401 2006 1519 2050 omnes
1536 1987 1707 2056 deliciunt.

1407 2139 1426 2204 7

1101 2251 1190 2336 Quia
1206 2264 1320 2320 tamen
1337 2271 1439 2342 caput
1454 2281 1490 2324 es
1505 2261 1683 2346 virginum,

1101 2359 1134 2413 et
1159 2351 1232 2415 laus
1258 2373 1390 2420 summa
1417 2375 1483 2420 non
1511 2358 1639 2424 habens
1667 2371 1730 2428 ter·

775 2181 793 2248 3

470 2320 653 2386 Benedicta
669 2327 702 2382 et
717 2313 925 2390 venerabilis,

471 2419 536 2500 pia,
551 2414 707 2499 prudens,
722 2413 852 2490 decora,
869 2407 999 2485 nobilis,

472 2511 647 2578 Universis
659 2505 938 2594 incomparabilis,

471 2610 532 2674 tibi
549 2626 722 2692 nunquam
739 2605 801 2674 luit
817 2601 1008 2671 consimilis.

1595 2475 1723 2522 minum

1102 2541 1312 2626 Angelorum
1330 2547 1446 2612 laudes
1461 2559 1495 2612 et
1512 2550 1686 2618 hominum
1726 2509 1733 2538 Ι

1101 2642 1299 2720 promereris
1315 2643 1422 2726 prima
1438 2656 1516 2728 post
1533 2645 1730 2716 Dominum.

775 2774 796 2838 4
1406 2784 1424 2845 8

470 2919 521 2982 Te
536 2916 659 2981 creavit
677 2915 773 2978 Pater
791 2911 977 2996 Ingenitus,
1103 2913 1188 2978 Cum
1205 2916 1336 2982 sisteret
1351 2919 1490 2983 humani
1507 2924 1637 3004 generis

469 3013 681 3078 obumbravit
697 3021 730 3074 te
748 3008 964 3092 Unigenitum
1101 3011 1191 3093 loqui
1208 3033 1329 3094 praeco
1345 3014 1479 3098 dignior
1494 3019 1613 3082 ceteris

471 3113 679 3180 Fecundavit
694 3123 728 3174 te
744 3109 890 3176 Sanctus
908 3107 1062 3192 Spiritus,
1100 3105 1186 3169 Vale
1202 3109 1283 3172 dicit
1302 3110 1452 3192 Reginae
1469 3112 1613 3176 aetheris

471 3221 508 3274 tu
527 3229 561 3273 es
577 3207 667 3272 facta
682 3214 754 3271 tota
769 3204 938 3270 divinitus.
1100 3203 1194 3266 cuius
1210 3205 1306 3268 sedes
1325 3216 1441 3272 manet
1458 3209 1489 3270 in
1508 3209 1644 3292 superis

1097 3389 1118 3452 9

778 3517 874 3594 Vale,
891 3515 1017 3582 Sancta
1034 3515 1236 3582 Sanctorum
1253 3519 1414 3594 omnium,

777 3613 848 3677 laus
863 3623 897 3676 et
913 3612 1031 3690 honor,
1046 3614 1148 3676 decus
1165 3609 1324 3689 fidelium,

776 3709 867 3772 Aula
884 3707 1020 3784 Christi,
1036 3709 1167 3786 domus,
1183 3707 1357 3789 palatium,

776 3805 921 3870 Deitatis
938 3804 1198 3868 reclinatorium.

511 4036 522 4074 1
545 4021 586 4074 La
597 4017 735 4090 premiere
748 4017 864 4088 strophe
877 4016 913 4072 de
926 4026 1001 4072 cette
1011 4017 1098 4070 Prose
1105 4017 1151 4070 n'a
1160 4033 1212 4086 pas
1223 4016 1248 4070 le
1258 4016 1351 4071 meme
1361 4017 1473 4086 rythme
1480 4034 1536 4090 que
1545 4017 1587 4072 les
1600 4018 1731 4087 strophas

474 4099 625 4156 suivantes.
658 4097 800 4156 Peut·etre
820 4096 927 4152 a·t-elle
949 4095 994 4150 ete
1013 4095 1166 4166 composee
1185 4095 1268 4165 apres
1290 4113 1372 4168 coup.
1398 4101 1419 4152 d
1448 4096 1550 4152 damus
1577 4097 1604 4150 T
1601 4099 1730 4152 raiectea

475 4179 666 4234 Sarisburien.
678 4191 753 4247 1513.

380 4269 393 4301 t
508 4275 555 4325 4ο
587 4257 708 4330 Spiritus
722 4257 851 4324 Sanctus,
871 4255 1015 4310 ‘contraire
1034 4273 1071 4310 au
1092 4255 1211 4324 rythme,
1234 4254 1518 4328 Sarisburien.1513,
1536 4255 1730 4314 Tarentasien.

477 4341 628 4394 Traiectcn.

506 4513 588 4569 Cette
602 4515 689 4570 Prose
699 4533 730 4572 se
742 4517 773 4571 lit
786 4513 946 4584 &galement
959 4512 1032 4566 dans
1045 4512 1072 4567 le
1086 4511 1187 4567 Missel
1207 4509 1244 4564 de
1259 4511 1346 4580 Lyon,
1359 4524 1432 4580 1524.
