4108 5794
604 509 746 564 Pxosnu
774 515 977 566 ECCLESIAE
1005 519 1299 574 runxeurnsrne
1517 515 1585 604 265

365 685 402 737 Le
416 693 490 738 texte
503 685 539 739 de
552 695 626 742 cette
641 690 728 745 Prose
742 709 865 762 manque
882 691 954 748 dans
975 705 1055 752 notre
1078 699 1175 754 Missel
1198 702 1234 756 de
1255 703 1431 760 Tarentaise.
1466 708 1547 764 Nous
1561 711 1587 764 le

327 763 511 819 retabussons
526 767 635 837 d’apres
648 770 689 823 les
704 771 820 826 Missels
840 773 876 827 de
890 775 1049 846 Lausanne,
1068 793 1142 848 1493,
1156 781 1230 836 etde
1242 783 1365 852 Gencve,
1380 799 1454 853 1491.

361 903 441 957 Cette
456 905 544 960 Prose
557 924 574 960 a
587 907 631 961 dte
644 909 756 979 publice
770 927 821 980 par
836 911 994 968 BERNARD
1013 928 1054 970 DE
1075 919 1306 989 MONTMELmN,
1321 923 1409 976 Saint
1420 925 1587 980 Mauricae!

324 982 354 1034 la
367 982 458 1052 llgion
475 985 502 1037 T
498 985 639 1055 hdbe'enne,
651 989 726 1057 1888,
740 1000 807 1044 tom.
820 1003 853 1060 11,
863 1009 889 1061 p.
900 1007 959 1060 317.

362 1115 373 1170 ς
388 1121 405 1158 e
435 1106 581 1175 sexaginta
592 1110 715 1166 sexcenti
731 1111 880 1166 Gebennen.
898 1115 929 1169 B.
936 1127 981 1168 DE
990 1118 1042 1187 M,
1056 1119 1105 1174 fait
1116 1138 1152 1175 un
1163 1137 1226 1176 vers
1238 1121 1311 1177 iaux.

357 1184 374 1238 6
387 1189 408 1238 b
438 1198 600 1241 mercantur
612 1190 792 1244 lausannen.

357 1275 371 1328 7
386 1269 407 1317 b
437 1282 501 1318 cum
516 1283 638 1339 manque
652 1270 724 1325 dans
744 1273 777 1324 B.
784 1284 829 1323 DE
843 1274 885 1328 M.
917 1277 1095 1345 praedicetur
1109 1281 1287 1340 Lausannen.
1305 1284 1338 1337 B.
1345 1295 1390 1334 DE
1403 1290 1445 1343 M.

356 1343 372 1395 8
386 1348 407 1396 b
438 1345 605 1414 pinpuratur
619 1348 652 1417 (l)
669 1351 820 1408 Gabennen.

341 1436 401 1476 roe
431 1434 460 1478 et
472 1442 597 1497 manque
610 1428 682 1482 dans
696 1431 783 1484 3.οΕ
796 1437 838 1490 M.

339 1517 403 1557 rra
432 1504 598 1574 Agavenses
619 1509 800 1570 Lausannen.
831 1519 965 1588 Agaunes
980 1519 1013 1573 B.
1023 1528 1069 1568 DE
1083 1521 1125 1575 M.
1158 1527 1172 1575 r
1199 1542 1251 1580 nos
1269 1527 1420 1584 Gabennen.
1436 1527 1579 1584 B.DEM·

427 1803 504 1888 176.
539 1799 597 1871 ΙΝ
631 1801 812 1877 FESTO
842 1808 1081 1886 OMNIVM
1112 1816 1474 1896 SANCTORVM.

623 2095 634 2140 1
966 2088 1176 2172 Angelorum
1194 2106 1344 2162 nostrum
1356 2109 1388 2163 et
1404 2103 1576 2183 gaudium.

315 2183 369 2248 Ad
387 2185 548 2250 honorem
566 2199 758 2256 sanctorum
778 2198 929 2261 omnium
968 2183 1008 2248 1ss
1019 2191 1170 2270 8ηΡθῐῃίὃ
1187 2213 1207 2256 a
1225 2193 1321 2257 Patre
1337 2199 1499 2278 genitum,

311 2285 368 2366 qui
385 2287 558 2366 possident
571 2289 654 2353 caeli
671 2292 833 2373 palatium

311 2381 446 2444 devotio
462 2382 603 2464 plaudat
620 2384 768 2451 fidelium

310 2475 532 2556 persolvendo
548 2479 656 2544 laudis
673 2487 897 2565 praeconium.

311 2569 387 2635 Oris
400 2593 491 2650 voce,
506 2575 659 2640 medullis
676 2580 837 2658 cordium,

308 2667 537 2734 collaudemus
554 2693 665 2754 regem
684 2685 717 2739 et
736 2677 932 2756 Dominum,

307 2763 364 2844 qui
381 2763 471 2827 solus
487 2777 537 2828 est
550 2787 658 2830 rerum
676 2771 886 2852 principium,

306 2863 364 2943 qui
380 2873 480 2946 caput
496 2874 546 2928 est
562 2875 595 2930 et
612 2867 687 2930 finis
703 2873 864 2938 omnium.

611 2997 629 3042 2

967 2301 1151 2367 perquem
1178 2299 1309 2354 constat
1333 2293 1495 2378 quidquid
1523 2307 1574 2360 est

1397 2391 1569 2455 conditum

965 2482 999 2537 et
1015 2496 1035 2538 a
1051 2487 1157 2541 matre
1174 2481 1206 2543 in
1224 2481 1318 2545 terris
1335 2483 1470 2549 editum.

1144 2656 1149 2668 '
1250 2650 1265 2717 5

1009 2781 1103 2845 Haec
1120 2793 1171 2847 est
1186 2784 1280 2866 virgo
1297 2785 1440 2864 levitica,

1003 2878 1091 2955 flore,
1108 2879 1215 2943 fructu
1232 2882 1394 2962 specifica,

1001 2973 1083 3038 haec
1099 2984 1149 3038 est
1167 2996 1248 3039 urna
1266 2978 1404 3043 mirifica

250 3109 256 3119 ·
305 3078 339 3140 A
352 3099 427 3160 quo,
440 3101 498 3162 per
511 3102 619 3165 quem,
630 3084 661 3147 in
674 3106 741 3168 quo
753 3097 831 3150 sunt
841 3109 912 3151 om.
1001 3091 1079 3134 vero
1095 3071 1222 3136 Manna
1239 3074 1416 3156 magnilica
1430 3097 1437 3154 ;

732 3180 735 3188 '
849 3177 911 3252 nia,
1003 3167 1098 3229 Haec
1114 3167 1197 3231 cella
1215 3168 1437 3248 Salomonica,

304 3253 373 3334 Ipsi
390 3254 488 3332 salus
504 3256 610 3321 honor
627 3269 659 3321 et
675 3259 789 3342 gloria,

303 3348 375 3409 laus
391 3352 555 3430 perennis,
571 3373 639 3434 pax
657 3365 690 3418 et
708 3358 855 3436 victoria,

301 3452 336 3505 et
351 3443 483 3508 claritas
501 3457 533 3509 et
550 3449 716 3530 sapientia
733 3477 738 3514 :

304 3537 405 3600 Hunc
422 3540 591 3605 collaudat
608 3545 639 3606 in
658 3545 739 3608 caeli
757 3550 863 3628 patria

301 3633 474 3698 beatorum
493 3637 575 3700 felix
593 3641 794 3720 concordia;

303 3729 392 3793 Huic
409 3731 524 3796 laudes
543 3735 652 3798 Mater
670 3737 820 3801 Ecclesia

300 3846 377 3889 cum
390 3828 510 3891 celebri
528 3831 636 3892 reddit
653 3831 787 3896 laetitia.

603 3961 620 4023 3

298 4039 507 4104 Veneremur
523 4041 604 4106 illud
621 4045 784 4110 eximium

297 4133 473 4200 Trinitatis
490 4158 641 4201 summae
657 4143 847 4220 sacrarium,

296 4232 459 4312 templum
479 4233 551 4310 Dei,
567 4235 612 4296 rei
630 4239 824 4316 remedium,

294 4329 479 4408 peccatoris
499 4339 609 4393 tutum
628 4331 791 4414 refugium
809 4355 816 4411 ;

298 4423 334 4486 ln
354 4435 519 4506 conceptu
538 4428 677 4490 nescivit
694 4430 821 4507 vitium,

294 4539 354 4580 nec
371 4521 407 4582 in'
422 4531 518 4602 partu
535 4521 660 4586 doloris
673 4525 821 4589 taedium

293 4633 355 4677 nec
371 4616 490 4679 caloris
507 4639 605 4700 passa
622 4620 823 4700 incendium,

290 4721 410 4774 contra
427 4733 552 4776 morem
570 4715 710 4796 protulit
728 4717 871 4782 Filium:

311 4922 477 4986 Altissimi
496 4845 804 5006 Patris4consilium‚

310 5019 425 5082 florem
442 5023 561 5105 campi,
577 5024 739 5088 convallis
760 5026 875 5105 lilium,

997 3285 1063 3347 qua
1079 3267 1172 3330 sedet
1190 3267 1363 3349 Sapientia
1380 3292 1386 3347 ;

1002 3363 1084 3426 haec
1100 3363 1184 3428 cella
1200 3366 1391 3442 aromatica,

1001 3459 1159 3522 virtutum
1177 3459 1277 3542 plena
1293 3463 1410 3542 gratia.

1239 3619 1260 3680 6

957 3758 1056 3822 Hanc
1072 3759 1290 3824 circumstant
1307 3761 1362 3823 illa
1383 3761 1539 3826 caelestia

953 3854 1129 3934 spirituum
1146 3865 1336 3919 sanctorum
1354 3856 1499 3937 agmina,

952 3949 1160 4032 Principatus
1176 3961 1209 4014 et
1227 3952 1455 4030 Dominantia,

955 4045 1150 4123 PotestateS‚
1168 4047 1307 4110 millium
1326 4047 1437 4126 millia,

953 4141 1037 4223 Regi
1055 4163 1170 4224 regum
1188 4144 1466 4220 administrantia,

949 4239 1019 4300 sine
1036 4237 1101 4302 fine
1116 4265 1122 4304 :
1139 4245 1154 4272 ‘⁶
1167 4240 1320 4319 Sanctus,
1334 4241 1349 4266 ”
1366 4241 1556 4308 clamantia.

1233 4415 1253 4479 7

950 4539 1170 4620 Patriarchae,
1185 4543 1244 4606 viri
1262 4543 1441 4626 praecipui,

949 4637 1014 4702 fide
1031 4638 1119 4721 pleni
1136 4649 1170 4704 et
1185 4641 1273 4704 bello
1290 4645 1424 4719 strenui,

948 4739 1024 4802 huic
1037 4760 1131 4802 sacro
1148 4739 1306 4822 praesunt
1322 4745 1500 4806 conventui
1516 4767 1523 4822 ;

946 4839 991 4901 Et
1008 4839 1190 4920 prophetae
1207 4841 1327 4903 virtute
1344 4843 1487 4923 praediti

945 4935 1034 5016 prius
1051 4935 1157 4999 sancti
1174 4955 1275 5018 quam
1294 4947 1408 5000 ventre
1423 4939 1503 5002 editi

942 5029 1152 5095 sanctissimo
1168 5052 1234 5096 non
1251 5033 1372 5102 desunt
1389 5036 1508 5104 coetui.
