4096 5794
454 507 527 578 510
752 500 894 552 PROSAE
922 502 1126 553 ECCLESIAE
1154 500 1401 552 EBROICENSIS

733 683 815 774 366.
848 679 923 752 DE
954 679 1178 754 SANCTO
1211 677 1429 753 lACOBO.

1078 859 1090 905 1

631 935 812 1002 luhilemus
828 957 945 1000 omnes
962 957 1029 1002 una
1044 937 1202 1001 concordi
1220 937 1365 1001 melodia

629 1033 857 1098 Persolventes
873 1032 1034 1097 hodierna
1054 1033 1166 1096 lacobi
1183 1032 1366 1109 sollemnia,

1073 1145 1090 1192 2

626 1226 693 1308 Qui
710 1244 785 1288 cum
804 1233 898 1306 patre
914 1224 1092 1288 Zebedaeo
1109 1225 1208 1288 maris
1225 1235 1341 1288 tenens
1358 1224 1440 1288 retia

628 1319 831 1404 Appellatus
847 1327 897 1382 est
914 1329 1045 1383 secutus
1063 1319 1201 1383 Domini
1218 1319 1379 1402 vestigia:

630 1515 661 1580 O
678 1533 779 1598 quam
797 1513 879 1576 ielix
895 1513 1015 1576 divisio
1031 1433 1117 1576 int3er
1132 1513 1213 1576 haec
1231 1513 1389 1594 mysteria

631 1611 776 1674 Lucrum
794 1609 918 1691 sprevit
934 1609 1129 1691 temporale,
1143 1610 1273 1691 spirans
1289 1611 1331 1673 ad
1348 1609 1514 1674 caelestia.

1057 1740 1166 1892 hiatus
1182 1847 1226 1889 ex
1244 1848 1283 1889 ea

927 1943 993 2006 qua
1009 1923 1069 1986 lux
1085 1925 1213 1988 mundo
1229 1925 1294 1986 iam
1312 1922 1483 2006 praefulsit

970 2020 1071 2102 regali
1088 2021 1252 2103 prosapia,

1058 2108 1276 2190 Apostolicae

927 2205 1101 2287 dignitatis
1117 2205 1248 2268 scandit
1263 2224 1394 2267 summa

970 2299 1121 2364 sublimis
1137 2299 1279 2382 fastigia.

1076 2412 1091 2478 5

632 2501 670 2563 ln
688 2507 868 2580 conspectu
885 2516 1011 2578 regum,
1028 2495 1151 2562 Christi
1167 2496 1244 2560 tulit
1260 2499 1451 2562 testimonia

629 2596 740 2659 Minas
755 2593 874 2656 horum
891 2593 1134 2676 parvipendens
1150 2602 1183 2656 et
1199 2593 1271 2656 dira
1288 2593 1459 2676 supplicia.

1073 2694 1095 2755 6

630 2791 750 2856 Victus
767 2789 851 2852 iacet
870 2789 1103 2871 Hermogenes
1119 2798 1152 2852 et
1168 2809 1228 2851 sua
1244 2787 1385 2868 fallacia,

630 2886 747 2950 Falsos
762 2885 842 2949 artis
858 2904 938 2948 suae
954 2883 1056 2947 libros
1073 2885 1140 2950 alta
1156 2895 1272 2948 tenent
1289 2887 1400 2949 maria.

929 3089 1060 3153 Fraude
1075 2999 1149 3152 irela
1165 3089 1379 3173 baptizantur

840 3185 983 3267 plurima
1000 3183 1113 3267 populi
1130 3185 1378 3250 circumstantis

753 3281 951 3362 dignissimo
966 3281 1072 3344 sancti
1089 3282 1249 3363 dogmate
1267 3281 1370 3345 millia
1385 3304 1393 3361 ;

930 3376 1049 3439 Honor
1065 3375 1199 3441 Christo
1214 3377 1395 3458 ampliatur

839 3481 873 3535 et
888 3490 1006 3534 omnes
1021 3491 1170 3536 consona
1185 3471 1414 3536 collaudantes

753 3575 918 3630 testantur
934 3587 1015 3631 voce
1032 3568 1096 3631 Dei
1118 3567 1295 3650 magnalia

929 3763 1049 3845 Lysias
1065 3773 1099 3827 et
1114 3763 1312 3829 Theocritus

927 3873 1080 3922 sanctum
1098 3858 1162 3922 Dei
1182 3862 1369 3925 cruciantur

970 3953 1130 4017 commoti
1147 3955 1288 4036 pecunia
1302 3975 1309 4032 ;

928 4049 1088 4113 Vinctum
1106 4059 1222 4114 tenent
1238 4059 1339 4133 atque
1361 4053 1430 4134 regi

930 4145 1045 4208 iubent
1061 4164 1138 4207 eum
1155 4146 1358 4226 praesentari

971 4238 1034 4303 sub
1050 4259 1173 4321 magna
1188 4241 1349 4304 custodia.

929 4440 1054 4504 Laetus
1070 4357 1132 4503 iier
1147 4449 1198 4504 est
1214 4461 1399 4522 aggressus,

929 4535 1098 4601 Christum
1115 4535 1256 4599 laudans
1272 4546 1322 4600 est
1343 4538 1511 4621 ingressus

974 4630 1119 4694 Herodis
1135 4631 1260 4713 palatia
1274 4655 1281 4711 ;

929 4727 1049 4809 Spreta
1065 4727 1151 4808 regis
1167 4728 1286 4791 iniuria

927 4823 1078 4907 capitalis
1094 4834 1145 4888 est
1161 4827 1252 4888 edita

970 4939 1046 4982 cum
1064 4920 1181 5002 poenis
1196 4921 1371 4984 sententia.
1424 4982 1429 4994 ,
