4094 5796
483 522 529 616 58
764 539 905 592 mosne
933 542 1136 596 accessura
1161 543 1451 598 nuuaoavausrs

520 723 542 777 ll
556 721 600 792 n'y
612 737 630 774 a
638 719 710 774 dans
723 727 797 774 cette
809 719 897 776 Prose
909 737 1019 776 aucune
1032 730 1109 776 trace
1122 719 1159 776 de
1172 723 1291 790 rythme.
1312 725 1375 780 Elle
1388 725 1522 796 rappelle,
1533 725 1551 778 a
1563 741 1597 780 ce
1610 724 1689 794 point
1703 722 1739 776 de

483 819 545 871 rue,
558 802 599 856 les
613 801 716 854 Proses
730 798 884 854 attribuees
904 802 921 856 a
939 801 1037 857 Salute
1052 799 1228 872 Hildegarde
1246 813 1274 857 et
1287 805 1414 873 publices
1428 822 1479 875 par
1491 806 1517 859 le
1530 804 1657 859 cardinal
1671 805 1692 858 l.
1707 804 1740 857 B.

482 885 581 937 PtTRA
598 899 603 935 :
618 877 780 938 (Analecta
794 879 914 934 Sanctae
925 881 1113 951 Hildegardis
1125 885 1218 952 opera.
1229 893 1245 940 t
1258 884 1347 954 'lypis
1357 885 1430 939 sacri
1444 885 1552 940 Montis
1563 883 1739 940 Casinensis.

486 963 560 1020 1882.

608 1138 664 1208 39.
698 1113 773 1188 DE
804 1114 1028 1190 SANCTO
1061 1111 1267 1190 IACOBO
1297 1112 1605 1189 APOSTOLO.

790 1297 801 1342 1

482 1398 532 1465 Ut
550 1399 672 1464 Leonis
689 1408 830 1463 testatur
846 1400 965 1477 littera,

1417 1291 1432 1358 5

1134 1399 1173 1462 ln
1190 1397 1351 1462 extremis
1368 1417 1512 1480 magnae
1530 1395 1726 1479 Hispaniae,

481 1507 659 1580 postquam
682 1495 834 1563 Christus
858 1497 1064 1561 transcendit
1131 1495 1227 1559 iuxta
1243 1503 1377 1578 portum
1396 1494 1516 1558 veteris
1535 1493 1631 1568 Idae,

928 1593 1089 1678 [aethera
1132 1600 1276 1674 tangunt
1286 1599 1408 1655 terram
1421 1599 1556 1654 sanctae
1569 1586 1740 1670 reliquiae;

480 1690 586 1752 victor
604 1689 711 1754 Patris
727 1690 847 1752 sedens
865 1689 896 1752 in
913 1689 1063 1767 dextera,
1130 1709 1189 1772 per
1205 1697 1363 1770 quattuor
1380 1687 1491 1750 leucas
1503 1684 1652 1750 Galiciae

481 1785 513 1847 in
531 1783 648 1847 eadem
665 1803 773 1861 carne,
789 1802 856 1846 non
874 1782 979 1846 altera

1134 1785 1244 1848 Locus
1260 1784 1364 1848 distat
1380 1783 1423 1847 ab
1439 1783 1501 1846 hac
1518 1781 1667 1866 planitie,

481 1879 557 1965 Qua
574 1900 692 1962 passus
708 1889 759 1942 est
772 1879 816 1943 ob
832 1889 946 1943 nostra
962 1879 1087 1943 scelera
1132 1880 1210 1943 illuc
1226 1881 1298 1943 sine
1315 1899 1407 1942 mora
1424 1889 1458 1942 et
1475 1877 1588 1960 requie

482 1976 670 2057 opprobria,
686 1985 785 2058 sputa
802 1984 835 2038 et
853 1974 998 2052 verbera,

1131 1975 1193 2040 lert
1209 1977 1292 2040 haec
1307 1977 1407 2040 turba
1422 1983 1587 2050 sanctum,
1603 1982 1637 2035 et
1653 1971 1738 2034 aliae

481 2081 622 2134 mortem
634 2071 739 2134 crucis
752 2071 895 2154 quaesic
905 2080 956 2135 est
966 2091 1084 2154 aspera
1130 2073 1173 2136 ibi
1192 2080 1322 2154 ponunt
1338 2073 1393 2136 ubi
1411 2081 1461 2134 est
1478 2069 1587 2134 hodie.

482 2177 517 2230 ut
531 2167 747 2230 transcendat
763 2175 931 2230 tormenta
947 2176 1088 2243 caetera,

785 2303 803 2350 2

480 2403 669 2486 Apostolus
686 2402 809 2468 Christi
826 2405 990 2486 egregius,

484 2501 649 2564 Zebedaei
669 2499 812 2563 Iacobus
830 2497 915 2562 filius

484 2607 517 2659 et
536 2595 695 2658 Iohannis
712 2595 812 2658 frater
827 2605 861 2658 et
876 2597 995 2672 socius,

481 2691 576 2754 sortis
595 2691 687 2773 pugil
705 2701 739 2754 et
756 2692 822 2753 veri
839 2691 986 2768 nuntiuS,

482 2787 664 2850 Ierusalem
681 2795 782 2868 atque
799 2787 957 2864 exteriuS,

479 2883 690 2965 (obsequium
707 2883 797 2965 quod
815 2892 912 2964 putat
929 2883 1080 2966 gratius),

480 2978 702 3060 impugnabat
719 2978 982 3043 rebelles‘acrius

479 3084 606 3156 quanto
623 3073 757 3140 Christo
774 3075 934 3138 haerebat
950 3075 1081 3139 arctius

787 3220 804 3283 3

481 3321 618 3385 Iudaica
635 3321 780 3384 nefanda
797 3321 890 3385 natio

1413 2287 1434 2348 6

1134 2405 1330 2470 Voluntatis
1347 2406 1411 2468 Dei
1429 2403 1552 2468 indicia

1135 2502 1356 2565 instrumenta
1371 2501 1425 2564 hic
1440 2500 1666 2564 caementaria

1134 2599 1270 2660 inventa
1285 2607 1363 2660 sunt
1379 2597 1450 2660 sine
1467 2597 1629 2672 custodia,

1136 2693 1256 2773 quibus
1272 2713 1371 2773 super
1387 2693 1528 2774 pignora
1544 2690 1655 2754 dulcia

1130 2788 1397 2870 Componuntur,
1412 2809 1488 2850 curn
1507 2787 1709 2862 festinantia,

1133 2887 1223 2968 prius
1239 2905 1344 2962 arcus,
1361 2893 1394 2947 et
1410 2893 1486 2965 post
1504 2882 1653 2960 ecclesia,

1132 2983 1174 3044 ad
1192 3001 1292 3064 quam
1311 2981 1450 3044 mittunt
1466 2979 1583 3043 orandi
1600 2977 1709 3062 gratia

1131 3077 1323 3160 peregrinos
1340 3075 1477 3140 elimata
1493 3075 1616 3140 omnia.

1415 3217 1434 3283 7

1132 3323 1360 3407 Antiquarum
1378 3343 1456 3386 usus
1473 3333 1506 3386 et
1522 3331 1672 3386 veterum

478 3438 579 3500 quam
591 3438 657 3482 non
671 3418 793 3483 Christi
805 3417 969 3481 convertit
979 3418 1091 3500 passio
1132 3422 1220 3485 dixit
1233 3421 1343 3484 locum
1355 3420 1443 3482 hunc
1454 3420 1581 3483 donum
1595 3418 1736 3483 liberum

479 3516 511 3577 id
531 3515 670 3592 Herodi,
688 3517 835 3579 Herodis
850 3515 918 3578 filio

479 3612 646 3676 intimavit
663 3633 760 3695 prece
778 3621 810 3674 et
827 3613 934 3694 pretio
953 3637 959 3676 ε

481 3707 530 3771 Ut
548 3706 708 3771 Iacobum
725 3708 857 3771 occidat
873 3708 996 3791 gladi0,

480 3825 521 3868 ne
537 3805 579 3867 de
596 3804 731 3869 Christo
747 3815 780 3867 et
796 3805 982 3886 evangeli0,

479 3900 703 3983 praedicantis
720 3902 790 3962 eius
806 3899 925 3978 officio,

479 3994 673 4078 impleretur
689 3997 759 4058 eius
776 3997 951 4062 successio

783 4235 805 4292 4

479 4336 677 4402 Sanctitatis
694 4335 781 4399 illius
797 4336 920 4400 aemuli

477 4435 545 4496 duo
561 4432 631 4494 eius
648 4431 763 4495 fideles
783 4431 898 4495 famuli

477 4529 520 4591 ab
539 4528 685 4590 Herodis
701 4548 801 4609 posse
817 4537 850 4591 et
866 4527 982 4610 populi

478 4625 595 4706 Iopem
612 4623 751 4687 trahunt
767 4644 888 4706 corpus
904 4623 1068 4704 discipuli.

478 4721 607 4784 Navem
625 4720 751 4782 intrant
767 4729 902 4782 sanctus
919 4728 952 4782 et
968 4719 1070 4784 baiuli

475 4837 571 4898 quae,
587 4835 702 4878 secura
718 4817 828 4878 omnis
847 4815 993 4896 periculi,

476 4913 596 4975 transit
613 4910 682 4973 alta
700 4913 854 4992 aequoris
873 4911 998 4976 biculi:

474 5008 507 5075 id
525 5007 629 5071 divini
645 5017 696 5072 est
711 5008 915 5086 adminiculi.

1129 3517 1183 3581 hic
1201 3517 1327 3580 idolum
1344 3515 1457 3578 stabat
1473 3515 1681 3594 horriferum,

1132 3615 1190 3677 sed
1210 3612 1334 3676 Iacobo
1351 3612 1450 3675 cessit
1467 3612 1499 3674 in
1518 3620 1699 3693 posterum.

1133 3711 1332 3785 ServienteS,
1349 3727 1435 3770 unus
1452 3715 1529 3789 post
1544 3706 1698 3782 alterum,

1132 3805 1338 3870 dormientes
1355 3804 1472 3866 ordine
1488 3804 1641 3867 funerum

1131 3900 1236 3984 (quod
1251 3919 1317 3961 non
1332 3909 1383 3962 est
1398 3896 1449 3961 fas
1463 3917 1579 3979 regum
1594 3916 1654 3960 nec
1666 3917 1741 3978 pro·

1599 3991 1741 4078 [cerum)

1131 4091 1242 4154 locum
1259 4099 1376 4155 tenent
1392 4090 1535 4153 duorum
1553 4087 1704 4154 laterum.

1415 4211 1434 4274 8

1131 4333 1198 4398 Hic
1216 4333 1366 4398 redditur
1382 4331 1521 4398 infirmis
1538 4332 1676 4409 sanitas,

1132 4431 1358 4494 moerentibus
1375 4430 1461 4494 redit
1477 4429 1639 4504 hilaritas,

1130 4529 1219 4590 visus
1236 4529 1322 4591 redit
1339 4537 1372 4591 et
1388 4528 1474 4610 fugit
1490 4527 1644 4602 caecitas,

1129 4623 1221 4704 lepra
1237 4623 1357 4705 linquit
1374 4624 1474 4686 iacies
1491 4623 1619 4686 obsitas
1637 4643 1644 4698 ;

1131 4719 1208 4782 Non
1220 4729 1270 4782 est
1281 4721 1385 4796 dolor,
1398 4741 1463 4783 non
1481 4730 1531 4784 est
1544 4716 1740 4792 adversitas,

1131 4835 1230 4898 quem
1246 4836 1311 4878 nou
1326 4816 1428 4897 pellat
1443 4817 1556 4879 Iacobi
1568 4813 1739 4887 sanctitas,

1131 4923 1168 4976 ut
1184 4913 1350 4975 credimus
1367 4923 1399 4975 et
1417 4923 1453 4976 ut
1470 4923 1521 4975 est
1533 4911 1671 4986 veritas;

1133 5030 1194 5072 nos
1212 5011 1373 5095 perducat
1389 5008 1431 5075 ad
1448 5007 1530 5074 caeli
1548 5007 1694 5072 semitas.
