4108 5794
647 477 789 530 PROSAE
819 477 1023 530 ECCLESIAE
1053 479 1291 534 SENONENSIS

642 675 660 739 3

382 770 560 835 Nobilibus
576 769 629 835 hic
648 779 786 837 exortus

380 867 568 951 pernobiles
585 868 653 952 egit
669 877 773 948 actus,

422 985 467 1028 ex
484 986 576 1030 more
592 965 754 1030 nobilium
768 989 776 1045 ;

1521 485 1594 555 219

1010 657 1236 725 Conservatur
1252 681 1271 724 a
1287 663 1414 745 populo

1008 776 1129 839 corpus
1145 755 1274 821 clarens
1290 759 1460 839 miraculo,

1052 857 1142 940 quod
1160 857 1326 940 integrum
1343 859 1497 926 cernitur.

1268 987 1290 1048 9

338 1053 426 1116 Nam
451 1052 580 1117 litteras
604 1053 718 1118 statim
741 1054 956 1138 amplexatus
1012 1083 1097 1168 Quis
1113 1082 1240 1147 nesciat
1255 1085 1462 1149 sacerdotem

335 1149 368 1216 in
380 1149 541 1216 doctrinis
557 1151 663 1216 evasit
678 1152 857 1234 perdoctus

420 1269 521 1333 supra
538 1268 665 1313 morem
682 1249 843 1330 gentium.

378 1473 439 1538 Est
455 1475 592 1555 insuper
603 1471 710 1536 factus
726 1473 868 1554 praesul,

378 1592 422 1634 ex
438 1590 506 1654 quo
517 1569 643 1652 gaudet
659 1569 769 1632 omnis
785 1569 900 1633 consul

420 1665 618 1729 Bisuntinae
634 1673 820 1728 structurae
833 1688 840 1743 ;

377 1761 443 1829 Sed
461 1762 612 1826 tristatur
627 1771 707 1825 tunc
723 1761 820 1825 exsul

375 1859 464 1942 quod
481 1857 642 1922 Claudius
659 1859 705 1922 sic
722 1859 854 1940 praesul

416 1953 513 2018 floret
528 1953 616 2017 iusto
632 1973 740 2036 opere.

636 2081 651 2149 5

376 2181 480 2246 Bonis
495 2182 608 2246 studet
623 2201 722 2265 opem
740 2183 829 2260 dare,

374 2277 511 2340 vitiosos
527 2277 706 2360 increpare,

414 2373 544 2436 cunctis
561 2372 671 2436 zelans
686 2373 828 2456 gloriam
844 2396 852 2454 ;

374 2467 523 2532 Evitavit
539 2469 707 2533 maculare

373 2565 476 2629 vitam
493 2575 655 2642 sanctam,
672 2586 775 2649 seque
789 2566 869 2630 dare

414 2659 548 2730 Christo
564 2662 655 2729 vovit
672 2661 826 2728 hostiam.

630 2775 652 2837 6

372 2885 558 2952 Renuendo
573 2887 655 2952 haec
671 2888 798 2952 caduca

370 2981 536 3066 ingressus
552 2993 603 3048 est
619 3003 712 3048 sacra
728 2983 802 3048 loca

411 3077 571 3161 Augendi
588 3079 798 3144 coenobium.

370 3173 446 3238 Non
464 3174 603 3258 algescit
618 3174 708 3239 velut
724 3174 835 3252 rocha,

370 3271 425 3336 sed
443 3270 611 3354 flagrascit
627 3281 665 3335 ut
681 3270 807 3334 festuca

412 3387 512 3452 quam
530 3367 617 3450 rapit
633 3367 835 3432 incendium.

627 3497 647 3565 7

368 3594 539 3679 Affligitur
554 3616 674 3678 corpus
691 3614 819 3660 sacrum

367 3702 399 3756 et
415 3693 565 3758 redditur
580 3693 781 3774 castigatum

408 3789 500 3852 duris
516 3787 752 3872 poenitentiis;

369 3883 548 3966 Recipiunt
564 3884 608 3948 ob
625 3883 658 3947 id
677 3883 806 3947 lactum

368 3980 485 4045 fratres
502 3981 613 4046 cuncti
630 3982 737 4044 virum
754 3988 908 4044 sanctum

409 4077 567 4142 abbatem
584 4098 645 4161 pro
661 4075 796 4141 meritis.

627 4193 646 4254 8

368 4301 516 4366 Demum
533 4311 609 4395 acto
625 4297 797 4377 curriculo,
880 4371 881 4374 Ἴ

366 4397 526 4462 derelicto
542 4395 748 4480 corpusculo,

316 4549 318 4552 .
407 4493 536 4561 caelum
555 4511 649 4556 mens
665 4492 870 4574 ingreditur3

1009 1187 1207 1244 exorantem
1226 1178 1350 1245 Christi
1368 1180 1513 1246 Matrem

1050 1299 1112 1362 pro
1129 1277 1261 1360 perdito
1277 1276 1411 1354 lumine,

1009 1373 1192 1440 Audivisse
1208 1372 1466 1455 respondentem
1483 1399 1490 1439 :

971 1517 973 1524 >
1008 1477 1024 1505 ‘¹
1038 1471 1155 1554 Surge,
1171 1469 1226 1533 adi
1242 1477 1394 1533 nostrum
1411 1471 1547 1536 fratrem

1048 1571 1081 1634 in
1101 1567 1230 1632 lurensi
1246 1568 1367 1632 limine.
1385 1569 1403 1596 ”

1257 1701 1296 1748 10

1005 1797 1193 1864 Festinavit
1209 1796 1287 1860 illuc
1303 1797 1360 1876 ire,

1006 1915 1072 1959 non
1090 1895 1272 1977 desperans
1290 1893 1438 1958 invenire

1002 1992 1094 2076 quod
1111 1989 1267 2073 sperabat
1283 1988 1480 2054 exhaurire:

1048 2086 1166 2151 salutis
1182 2084 1381 2168 obsequium
1395 2105 1404 2166 ;

1005 2182 1230 2265 Consequitur
1246 2181 1327 2245 illud
1344 2181 1377 2244 in
1395 2202 1437 2260 re,

1007 2282 1098 2365 quod
1116 2279 1324 2363 praedictum
1342 2277 1405 2342 suit
1420 2277 1503 2343 mire

1003 2377 1092 2444 unde
1108 2377 1232 2454 laudat,
1248 2375 1340 2440 etde
1356 2374 1435 2452 iure,

1045 2471 1293 2538 sanctissimum
1311 2461 1500 2536 Claudium.

1257 2609 1291 2656 11

1002 2709 1157 2776 Gloriose
1173 2705 1304 2790 praesul
1323 2705 1453 2784 Claudi,

1001 2806 1196 2870 assistentes
1212 2814 1290 2868 tuae
1307 2802 1397 2867 laudi

998 2916 1031 2971 et
1048 2915 1204 2989 rogantes
1220 2913 1263 2980 te,
1278 2924 1339 2968 nos
1355 2901 1446 2978 audi,

1042 3002 1254 3085 impetrando
1269 2999 1425 3077 veniam;
1500 2988 1505 2996 “

997 3100 1061 3177 Ne,
1076 3097 1250 3161 daemonis
1266 3103 1345 3170 arte,
1365 3093 1485 3174 claudi,

1000 3192 1215 3259 adhaerendo
1231 3211 1310 3256 suae
1327 3190 1444 3270 fraudi,

997 3310 1099 3375 quam
1116 3287 1265 3371 suggerit
1280 3307 1368 3352 vano
1384 3289 1476 3354 cordi

1041 3385 1209 3470 possimus
1225 3385 1257 3446 in
1275 3383 1473 3466 gehennam.

1248 3523 1285 3570 12

994 3622 1096 3688 Miles
1113 3621 1238 3688 Christi
1255 3621 1473 3701 sanctissime,

997 3729 1031 3784 te
1046 3727 1206 3784 vocantes
1222 3718 1414 3795 rectissime,

995 3822 1217 3898 assequuntur
1231 3812 1437 3897 amplissime

998 3910 1087 3994 quod
1104 3907 1277 3992 postulant
1294 3909 1494 3992 aequissime

1041 4003 1191 4087 largitori
1212 4023 1408 4083 munerum;

997 4101 1047 4166 Te
1063 4119 1231 4183 rogamus,
1250 4099 1381 4182 praesul
1399 4120 1539 4184 summe,

997 4205 1034 4262 ut
1050 4217 1111 4261 nos
1128 4204 1256 4261 stantes
1272 4195 1326 4260 hic
1343 4195 1457 4263 infime

997 4305 1033 4360 tu
1050 4291 1202 4358 subleves
1219 4293 1251 4355 in
1269 4291 1412 4357 sublime

917 4388 920 4393 ’
996 4386 1158 4455 sociando
1174 4387 1256 4452 caeli
1273 4397 1403 4452 turmae

1039 4495 1231 4551 sanctorum
1248 4485 1435 4568 spirituum.

359 4655 565 4704 Manuacrlts.
583 4649 696 4702 Patris:
719 4643 1086 4715 Bib1.Nat.,1106,ntissel
1105 4643 1141 4697 de
1161 4642 1267 4712 l'eglise
1288 4642 1430 4697 abbatiale
1455 4641 1491 4696 de
1508 4641 1581 4696 Lon-

320 4739 408 4796 goret,
420 4729 534 4783 diocese
547 4729 707 4793 d’Auxerre,
725 4727 805 4796 piece
818 4725 938 4797 ajoutee,
951 4725 990 4778 fin
1009 4722 1156 4778 xv‘sidcle.
1173 4723 1218 4788 U,·
1243 4737 1272 4788 17
1276 4738 1305 4790 3¹
1312 4737 1334 4791 3,
1350 4721 1458 4791 Missel,
1471 4721 1580 4776 xvtsie·

320 4807 373 4874 cle,
387 4809 422 4862 X.
454 4808 508 4876 (Ce
523 4807 622 4862 Missel
636 4825 672 4862 ne
685 4807 825 4860 renferme
839 4823 893 4876 que
903 4803 1082 4872 lesstrophes
1100 4817 1125 4856 ιι
1140 4813 1168 4856 et
1185 4801 1237 4868 η.)

360 4925 406 4976 td
438 4922 623 4978 Obstinemus
637 4923 774 4976 Senonen.
800 4919 977 4974 Obstitemus
995 4917 1180 4972 Aureliam.
1190 4915 1346 4970 Bituricen.
1355 4915 1491 4968 Senones.
1505 4914 1579 4982 1536.

327 5000 365 5055 Le
378 5001 461 5057 verbe
470 5003 589 5059 oscitare
600 5002 660 5056 doit
670 5017 700 5056 se
719 5000 840 5070 prendre
853 4999 888 5052 ici
898 4999 970 5053 dans
984 5013 1035 5053 son
1051 5013 1116 5052 sens
1131 4995 1252 5069 primitis
1256 4995 1281 5050 d’
1291 4993 1306 5020 “
1318 4994 1411 5064 ouvrir
1420 4993 1448 5048 la
1456 4993 1581 5052 bouchu
