4094 5796
774 548 914 600 l'ROSAE
944 547 1145 596 Et'CLESlAE
1173 549 1391 598 Vt‘EClENSlS

756 743 772 806 3
1137 727 1191 792 Sic
1208 739 1349 790 venturo
1365 725 1452 786 viam
1470 735 1575 805 parat,

501 841 615 906 Thura
629 842 730 908 litans
749 845 834 928 Regi
849 845 931 910 caeli
1132 823 1179 885 sic
1196 825 1318 886 serenti
1335 821 1444 884 sulcos
1462 831 1543 894 arat,

500 937 581 1000 dum
599 958 666 1002 non
683 941 789 1004 credit
807 940 954 1004 Gabrielj
1175 919 1340 980 convertit
1357 914 1554 979 incredulos.

545 1045 641 1114 pater
657 1045 770 1100 mutus
786 1037 891 1100 tacuit
906 1057 912 1114 ;
1382 1053 1400 1114 8

502 1128 551 1194 Ut
563 1141 718 1212 parentes
736 1132 907 1196 infecundi

501 1245 647 1306 genuere
660 1229 755 1292 iubar
772 1229 898 1304 mundi,

546 1343 614 1385 vox
627 1324 669 1386 ad
683 1333 812 1407 patrem
828 1323 934 1390 rediit.

1137 1179 1202 1242 Hic
1217 1179 1386 1262 baptismo
1405 1179 1516 1242 lesum
1535 1182 1647 1243 mersit

1133 1276 1190 1357 qui
1207 1277 1336 1356 peccati
1354 1275 1469 1336 sordes
1482 1277 1576 1338 tersit

1144 1371 1151 1386 ‘
1179 1371 1351 1453 sanguinis
1368 1370 1533 1433 antidoto,

754 1462 777 1524 4
1137 1465 1290 1548 Speciale
1306 1467 1423 1528 datum
1442 1467 1469 1526 ei

504 1560 614 1623 Mater
631 1571 772 1624 matrem
791 1560 959 1636 salutavit,
1134 1564 1337 1646 singularem
1355 1561 1494 1643 Agrium
1514 1563 1577 1626 Dei

502 1666 536 1720 et
553 1657 722 1721 lohannes
739 1657 923 1720 exsultavit
1175 1661 1408 1724 demonstrare
1425 1657 1543 1740 digito.

547 1754 663 1816 matris
679 1753 811 1816 clausus
829 1763 932 1815 uter0.
1383 1815 1404 1876 9

505 1847 730 1912 Praeconatur
750 1867 871 1930 praeco
890 1846 1028 1928 Regem,

504 1951 537 2006 et
549 1955 688 2007 naturae
699 1943 801 2007 vincit
816 1942 923 2025 legem
1134 1931 1232 1996 Certe
1250 1950 1410 2012 magnum
1424 1932 1599 1994 eremitam

548 2059 664 2102 sensus
681 2039 733 2101 hic
752 2039 784 2102 in
801 2059 914 2121 puero,
1053 2107 1058 2116 .
1134 2037 1344 2108 praesentem
1362 2027 1525 2106 sprevisse
1547 2028 1661 2104 vllam,

760 2173 775 2238 5
1180 2122 1422 2202 contempsisse
1435 2143 1602 2204 prospera,

506 2275 666 2338 Nondum
687 2285 785 2338 natus
802 2275 954 2337 nondum
972 2284 1088 2336 natum
1138 2217 1206 2279 Mel
1223 2216 1382 2326 Silvlstse'
1398 2217 1492 2328 elliu}
1508 2218 1582 2280 Vilis

504 2373 608 2434 sensit
626 2381 718 2434 vates
733 2381 844 2433 ratem
862 2379 978 2432 vatum
1134 2327 1167 2378 et
1178 2315 1296 2422 ⁰a¹nl²l¹
1314 2325 1410 2472 Ὗ
1423 2315 1499 2397 p¹l¹⁵

548 2469 754 2530 nasciturum
772 2467 900 2548 spiritu,
1178 2421 1278 2473 vesus
1295 2431 1355 2491 1³¹⁰
1380 2421 1415 2473 at
1432 2431 1559 2493 aspera·

506 2561 609 2626 Cuius
622 2563 725 2623 virtus
741 2561 930 2623 sanctitatis
1389 2565 1428 2610 10

507 2658 648 2720 mundat
665 2657 757 2718 illum
775 2678 794 2718 a
810 2656 957 2738 peccatis

650 2753 655 2764 Ι
875 2751 881 2763 ,
1139 2683 1204 2745 Hic
1221 2683 1299 2744 dum
1317 2683 1379 2744 Dei
1398 2683 1505 2764 legem
1524 2685 1607 2747 zelat

550 2763 674 2815 ventris
688 2753 749 2814 sub
766 2751 930 2814 accubitu.

1137 2779 1260 2840 crimen
1282 2779 1427 2842 Herodis
1444 2781 1568 2844 revelat

759 2873 780 2933 6
1182 2877 1354 2956 arguendo
1372 2876 1512 2956 publice.

509 2989 621 3052 Solem
641 2987 792 3070 praeibat
808 2987 952 3062 lucerna,
1142 2971 1294 3033 Levirate
1307 2971 1445 3052 puellari

507 3085 601 3145 cuius
617 3083 689 3146 luce
706 3083 763 3148 lux
781 3103 925 3164 superna
1140 3085 1219 3127 mox
1237 3076 1287 3128 est
1304 3067 1412 3128 iussus
1428 3067 1587 3130 decollari

553 3177 642 3241 lucet
655 3181 727 3241 sine
739 3179 893 3242 termino,
1185 3163 1273 3223 Vitae
1288 3163 1338 3225 Vll'
1353 3162 1533 3244 angellcae.

509 3273 590 3336 Vox
606 3272 783 3336 clamantis
800 3273 832 3334 in
851 3272 984 3335 deserto
1390 3301 1425 3348 11

510 3379 623 3431 movet
639 3388 757 3431 ornnes
774 3369 806 3430 in
823 3377 941 3450 aperto

553 3465 642 3526 viam
660 3473 778 3544 parent
797 3463 955 3526 Domino

1143 3411 1218 3472 Rex
1232 3411 1383 3474 devictus
1401 3412 1463 3474 hoc
1477 3413 1648 3492 procinctu

1146 3505 1348 3568 Herodiadis
1369 3508 1528 3570 instinctu

763 3599 781 3664 7
1185 3600 1330 3664 loedavit
1347 3605 1549 3666 convivium.

512 3702 663 3765 Verbum
681 3702 788 3783 praeit
806 3721 874 3762 vox
892 3701 1069 3775 nascendo¹
1141 3697 1271 3778 Martyr
1285 3697 1408 3762 Christi
1423 3719 1540 3779 passus
1559 3711 1702 3762 mortem

512 3797 746 3882 praedicando
760 3796 943 3870 moriendo,
1141 3802 1191 3854 est
1208 3803 1401 3873 assumptus
1415 3794 1502 3856 intra
1515 3803 1639 3856 sortem

554 3893 759 3975 baptizando
779 3890 931 3972 populos.
1185 3907 1404 3969 supernorum
1422 3889 1554 3953 civium.

1080 4001 1116 4047 12

834 4097 910 4181 Quo
928 4117 997 4174 nos,
1014 4117 1091 4160 suos
1103 4097 1303 4172 laudatores,

834 4203 912 4276 post
927 4213 1099 4276 pressuras
1112 4201 1145 4254 et
1158 4192 1287 4255 labores

879 4298 1028 4350 assumat
1045 4287 1087 4350 ad
1105 4287 1265 4350 bravium.

509 4423 552 4461 ro
588 4407 681 4459 nullus
695 4405 786 4459 maior
797 4406 919 4475 Pragen.
937 4405 1096 4458 Olomucen.
1133 4419 1175 4456 re
1206 4415 1268 4458 ortu
1282 4404 1343 4458 sine
1357 4421 1435 4458 more
1452 4405 1571 4460 Ucecr'en.

505 4491 556 4554 3d
584 4487 621 4539 Et
640 4485 758 4539 Ucecicn.

504 4580 520 4630 4
535 4583 554 4620 a
588 4565 672 4618 Pater
691 4563 809 4618 Ucecr'en.
825 4565 864 4619 Le
877 4573 953 4618 texte
968 4561 1104 4616 veritable
1117 4572 1160 4616 est
1173 4563 1366 4616 evidemment
1382 4563 1483 4616 Mater.
1499 4564 1573 4618 C’est
1588 4564 1684 4634 quand
1704 4563 1730 4616 la

469 4643 590 4698 “llere''
603 4642 639 4696 de
655 4641 729 4696 Dieu
743 4643 822 4698 salue
831 4645 858 4698 la
871 4641 994 4696 “Mete''
1005 4641 1042 4694 du
1056 4640 1226 4696 Precurseur
1236 4659 1290 4712 que
1301 4640 1453 4709 SaintJean
1468 4643 1609 4697 tressaille
1618 4644 1654 4698 de
1664 4641 1730 4713 joie.

504 4739 520 4788 u
534 4739 551 4776 e
583 4723 691 4776 Natum
704 4719 771 4776 vicit
789 4721 929 4785 Ucecien.‚·
942 4729 1040 4774 natum
1054 4719 1141 4773 vincit
1158 4721 1317 4774 Olomucen.

509 4807 555 4870 §b
584 4800 672 4854 sensit
687 4799 794 4868 Regem
813 4801 949 4862 Ucecien.,·
975 4797 1063 4852 sensit
1077 4809 1156 4852 rates
1171 4811 1267 4852 vatum
1283 4799 1452 4866 Olonrucrn„
1466 4817 1529 4854 vers
1544 4802 1616 4855 faux.

508 4895 551 4947 50
582 4878 696 4947 spiritus
715 4879 844 4948 Ucecien„
862 4877 1003 4932 contraire
1017 4893 1051 4929 au
1067 4893 1132 4930 sens
1146 4878 1245 4931 etela
1259 4877 1336 4930 rime.
1373 4881 1420 4944 sd
1456 4879 1547 4934 Huius
1566 4881 1685 4934 Ucecr'en.

505 4959 522 5009 ὁ
537 4959 590 5012 Les
601 4957 673 5011 deux
682 4956 902 5026 demi-strophes
914 4965 978 5009 sont
989 4955 1167 5010 interverties
1176 4955 1248 5009 dans
1259 4955 1285 5008 le
1296 4953 1395 5008 Missel
1405 4955 1516 5011 d’Uzes.
1543 4962 1559 5011 i>
1574 4965 1594 5011 l>
1616 4971 1731 5010 aeterna

477 5037 595 5092 Uercien.
628 5035 675 5088 6e
706 5049 802 5089 monet
816 5036 939 5102 Prargrn.
