<?xml version="1.0" encoding="UTF-8"?>
<!DOCTYPE html PUBLIC "-//W3C//DTD XHTML 1.0 Transitional//EN"
    "http://www.w3.org/TR/xhtml1/DTD/xhtml1-transitional.dtd">
<html xmlns="http://www.w3.org/1999/xhtml" xml:lang="en" lang="en">
 <head>
  <title>
</title>
<meta http-equiv="Content-Type" content="text/html;charset=utf-8" />
  <meta name='ocr-system' content='tesseract 3.04.00' />
  <meta name='ocr-capabilities' content='ocr_page ocr_carea ocr_par ocr_line ocrx_word'/>
</head>
<body>
  <div class='ocr_page' id='page_1' title='image "./analectaliturgi00wealgoog/analectaliturgi00wealgoog_0028.png"; bbox 0 0 4094 5796; ppageno 0'>
   <div class='ocr_carea' id='block_1_1' title="bbox 640 505 1258 558">
    <p class='ocr_par' dir='ltr' id='par_1_1' title="bbox 640 505 1258 558">
     <span class='ocr_line' id='line_1_1' title="bbox 640 505 1258 558; baseline -0.006 0"><span class='ocrx_word' id='word_1_1' title='bbox 640 508 781 558; x_wconf 84' lang='lat' dir='ltr'>PROSAE</span> <span class='ocrx_word' id='word_1_2' title='bbox 810 507 1012 556; x_wconf 77' lang='lat' dir='ltr'>ECCLESIAE</span> <span class='ocrx_word' id='word_1_3' title='bbox 1041 505 1258 554; x_wconf 79' lang='lat' dir='ltr'>VCECIENSIS</span> 
     </span>
    </p>
   </div>
   <div class='ocr_carea' id='block_1_2' title="bbox 689 682 1222 779">
    <p class='ocr_par' dir='ltr' id='par_1_2' title="bbox 689 682 1222 779">
     <span class='ocr_line' id='line_1_2' title="bbox 689 682 1222 779; baseline -0.006 -21"><span class='ocrx_word' id='word_1_4' title='bbox 689 711 740 779; x_wconf 87' lang='lat'>13.</span> <span class='ocrx_word' id='word_1_5' title='bbox 783 685 856 758; x_wconf 86' lang='lat' dir='ltr'>DE</span> <span class='ocrx_word' id='word_1_6' title='bbox 880 682 1222 756; x_wconf 87' lang='lat' dir='ltr'>VIRGlNlBVS.</span> 
     </span>
    </p>
   </div>
   <div class='ocr_carea' id='block_1_3' title="bbox 628 859 638 902">
    <p class='ocr_par' dir='ltr' id='par_1_3' title="bbox 628 859 638 902">
     <span class='ocr_line' id='line_1_3' title="bbox 628 859 638 902; baseline 0 0"><span class='ocrx_word' id='word_1_7' title='bbox 628 859 638 902; x_wconf 92' lang='lat'><em>1</em></span> 
     </span>
    </p>
   </div>
   <div class='ocr_carea' id='block_1_4' title="bbox 366 969 816 1242">
    <p class='ocr_par' dir='ltr' id='par_1_4' title="bbox 366 969 816 1242">
     <span class='ocr_line' id='line_1_4' title="bbox 367 969 816 1052; baseline -0.011 -18"><span class='ocrx_word' id='word_1_8' title='bbox 367 970 472 1052; x_wconf 87' lang='lat' dir='ltr'>Virgo</span> <span class='ocrx_word' id='word_1_9' title='bbox 488 970 633 1051; x_wconf 89' lang='lat' dir='ltr'>prudens</span> <span class='ocrx_word' id='word_1_10' title='bbox 650 979 683 1031; x_wconf 88' lang='lat' dir='ltr'>et</span> <span class='ocrx_word' id='word_1_11' title='bbox 696 969 816 1031; x_wconf 89' lang='lat' dir='ltr'>decora</span> 
     </span>
     <span class='ocr_line' id='line_1_5' title="bbox 366 1063 799 1148; baseline -0.007 -20"><span class='ocrx_word' id='word_1_12' title='bbox 366 1066 468 1148; x_wconf 90' lang='lat' dir='ltr'>digna</span> <span class='ocrx_word' id='word_1_13' title='bbox 479 1067 571 1128; x_wconf 90' lang='lat' dir='ltr'>cuius</span> <span class='ocrx_word' id='word_1_14' title='bbox 589 1067 621 1127; x_wconf 95' lang='lat' dir='ltr'>in</span> <span class='ocrx_word' id='word_1_15' title='bbox 639 1064 701 1127; x_wconf 92' lang='lat' dir='ltr'>hac</span> <span class='ocrx_word' id='word_1_16' title='bbox 717 1063 799 1127; x_wconf 89' lang='lat' dir='ltr'>hora</span> 
     </span>
     <span class='ocr_line' id='line_1_6' title="bbox 410 1161 792 1242; baseline -0.01 -18"><span class='ocrx_word' id='word_1_17' title='bbox 410 1161 588 1242; x_wconf 85' lang='lat' dir='ltr'>pangimus</span> <span class='ocrx_word' id='word_1_18' title='bbox 605 1161 792 1241; x_wconf 88' lang='lat' dir='ltr'>praeconia,</span> 
     </span>
    </p>
   </div>
   <div class='ocr_carea' id='block_1_5' title="bbox 1250 856 1266 918">
    <p class='ocr_par' dir='ltr' id='par_1_5' title="bbox 1250 856 1266 918">
     <span class='ocr_line' id='line_1_7' title="bbox 1250 856 1266 918; baseline 0 0"><span class='ocrx_word' id='word_1_19' title='bbox 1250 856 1266 918; x_wconf 82' lang='lat'>3</span> 
     </span>
    </p>
   </div>
   <div class='ocr_carea' id='block_1_6' title="bbox 1015 965 1507 1128">
    <p class='ocr_par' dir='ltr' id='par_1_6' title="bbox 1015 965 1507 1128">
     <span class='ocr_line' id='line_1_8' title="bbox 1015 965 1507 1049; baseline 0.004 -21"><span class='ocrx_word' id='word_1_20' title='bbox 1015 967 1067 1028; x_wconf 86' lang='lat' dir='ltr'>Tu</span> <span class='ocrx_word' id='word_1_21' title='bbox 1085 965 1236 1029; x_wconf 83' lang='lat' dir='ltr'>fallacem</span> <span class='ocrx_word' id='word_1_22' title='bbox 1254 976 1287 1030; x_wconf 89' lang='lat' dir='ltr'>et</span> <span class='ocrx_word' id='word_1_23' title='bbox 1304 988 1507 1049; x_wconf 90' lang='lat' dir='ltr'>pomposum</span> 
     </span>
     <span class='ocr_line' id='line_1_9' title="bbox 1018 1065 1483 1128; baseline 0.004 -3"><span class='ocrx_word' id='word_1_24' title='bbox 1018 1065 1180 1126; x_wconf 90' lang='lat' dir='ltr'>mundum</span> <span class='ocrx_word' id='word_1_25' title='bbox 1198 1065 1298 1128; x_wconf 90' lang='lat' dir='ltr'>istum</span> <span class='ocrx_word' id='word_1_26' title='bbox 1313 1066 1483 1127; x_wconf 90' lang='lat' dir='ltr'>ruinosum</span> 
     </span>
    </p>
   </div>
   <div class='ocr_carea' id='block_1_7' title="bbox 1063 1159 1380 1236">
    <p class='ocr_par' dir='ltr' id='par_1_7' title="bbox 1063 1159 1380 1236">
     <span class='ocr_line' id='line_1_10' title="bbox 1063 1159 1380 1236; baseline 0.006 -16"><span class='ocrx_word' id='word_1_27' title='bbox 1063 1159 1197 1221; x_wconf 84' lang='lat' dir='ltr'>calcasti</span> <span class='ocrx_word' id='word_1_28' title='bbox 1217 1160 1353 1222; x_wconf 85' lang='lat' dir='ltr'>mirifice</span> <span class='ocrx_word' id='word_1_29' title='bbox 1374 1183 1380 1236; x_wconf 89' lang='lat'>;</span> 
     </span>
    </p>
   </div>
   <div class='ocr_carea' id='block_1_8' title="bbox 360 1255 1510 1433">
    <p class='ocr_par' dir='ltr' id='par_1_8' title="bbox 360 1255 1510 1433">
     <span class='ocr_line' id='line_1_11' title="bbox 370 1255 1510 1338; baseline -0.001 -20"><span class='ocrx_word' id='word_1_30' title='bbox 370 1257 510 1318; x_wconf 90' lang='lat' dir='ltr'>Nostras</span> <span class='ocrx_word' id='word_1_31' title='bbox 527 1266 681 1337; x_wconf 85' lang='lat' dir='ltr'>prompte</span> <span class='ocrx_word' id='word_1_32' title='bbox 697 1276 791 1317; x_wconf 90' lang='lat' dir='ltr'>sume</span> <span class='ocrx_word' id='word_1_33' title='bbox 813 1255 937 1330; x_wconf 77' lang='lat' dir='ltr'>laudeS,</span> <span class='ocrx_word' id='word_1_34' title='bbox 1015 1255 1067 1317; x_wconf 91' lang='lat' dir='ltr'>Tu</span> <span class='ocrx_word' id='word_1_35' title='bbox 1085 1256 1268 1336; x_wconf 88' lang='lat' dir='ltr'>malignum</span> <span class='ocrx_word' id='word_1_36' title='bbox 1286 1265 1319 1318; x_wconf 89' lang='lat' dir='ltr'>et</span> <span class='ocrx_word' id='word_1_37' title='bbox 1336 1257 1510 1338; x_wconf 88' lang='lat' dir='ltr'>antiquum</span> 
     </span>
     <span class='ocr_line' id='line_1_12' title="bbox 360 1351 1398 1433; baseline -0.001 -19"><span class='ocrx_word' id='word_1_38' title='bbox 360 1373 446 1433; x_wconf 91' lang='lat' dir='ltr'>quae</span> <span class='ocrx_word' id='word_1_39' title='bbox 465 1372 541 1414; x_wconf 91' lang='lat' dir='ltr'>cum</span> <span class='ocrx_word' id='word_1_40' title='bbox 559 1353 682 1414; x_wconf 90' lang='lat' dir='ltr'>sanctis</span> <span class='ocrx_word' id='word_1_41' title='bbox 695 1351 794 1432; x_wconf 90' lang='lat' dir='ltr'>plene</span> <span class='ocrx_word' id='word_1_42' title='bbox 816 1351 942 1430; x_wconf 82' lang='lat' dir='ltr'>gaudes</span> <span class='ocrx_word' id='word_1_43' title='bbox 1014 1351 1117 1412; x_wconf 88' lang='lat' dir='ltr'>nostri</span> <span class='ocrx_word' id='word_1_44' title='bbox 1129 1352 1210 1412; x_wconf 88' lang='lat' dir='ltr'>ritus</span> <span class='ocrx_word' id='word_1_45' title='bbox 1228 1351 1398 1413; x_wconf 90' lang='lat' dir='ltr'>inimicum</span> 
     </span>
    </p>
   </div>
   <div class='ocr_carea' id='block_1_9' title="bbox 406 1445 696 1510">
    <p class='ocr_par' dir='ltr' id='par_1_9' title="bbox 406 1445 696 1510">
     <span class='ocr_line' id='line_1_13' title="bbox 406 1445 696 1510; baseline 0 -2"><span class='ocrx_word' id='word_1_46' title='bbox 406 1447 493 1510; x_wconf 91' lang='lat' dir='ltr'>intra</span> <span class='ocrx_word' id='word_1_47' title='bbox 510 1445 591 1508; x_wconf 89' lang='lat' dir='ltr'>caeli</span> <span class='ocrx_word' id='word_1_48' title='bbox 604 1447 696 1508; x_wconf 88' lang='lat' dir='ltr'>atria.</span> 
     </span>
    </p>
   </div>
   <div class='ocr_carea' id='block_1_10' title="bbox 624 1591 640 1635">
    <p class='ocr_par' dir='ltr' id='par_1_10' title="bbox 624 1591 640 1635">
     <span class='ocr_line' id='line_1_14' title="bbox 624 1591 640 1635; baseline 0 0"><span class='ocrx_word' id='word_1_49' title='bbox 624 1591 640 1635; x_wconf 86' lang='lat'><em>2</em></span> 
     </span>
    </p>
   </div>
   <div class='ocr_carea' id='block_1_11' title="bbox 361 1703 886 1785">
    <p class='ocr_par' dir='ltr' id='par_1_11' title="bbox 361 1703 886 1785">
     <span class='ocr_line' id='line_1_15' title="bbox 361 1703 886 1785; baseline -0.004 -17"><span class='ocrx_word' id='word_1_50' title='bbox 361 1707 413 1768; x_wconf 93' lang='lat' dir='ltr'>Tu</span> <span class='ocrx_word' id='word_1_51' title='bbox 430 1727 465 1768; x_wconf 88' lang='lat' dir='ltr'>es</span> <span class='ocrx_word' id='word_1_52' title='bbox 482 1725 613 1768; x_wconf 88' lang='lat' dir='ltr'>sacrum</span> <span class='ocrx_word' id='word_1_53' title='bbox 633 1705 695 1766; x_wconf 93' lang='lat' dir='ltr'>Dei</span> <span class='ocrx_word' id='word_1_54' title='bbox 714 1703 886 1785; x_wconf 84' lang='lat' dir='ltr'>templum,</span> 
     </span>
    </p>
   </div>
   <div class='ocr_carea' id='block_1_12' title="bbox 362 1799 850 2248">
    <p class='ocr_par' dir='ltr' id='par_1_12' title="bbox 364 1799 850 1978">
     <span class='ocr_line' id='line_1_16' title="bbox 364 1799 850 1882; baseline -0.006 -18"><span class='ocrx_word' id='word_1_55' title='bbox 364 1810 399 1864; x_wconf 90' lang='lat' dir='ltr'>tu</span> <span class='ocrx_word' id='word_1_56' title='bbox 417 1802 575 1864; x_wconf 91' lang='lat' dir='ltr'>virtutum</span> <span class='ocrx_word' id='word_1_57' title='bbox 593 1821 628 1862; x_wconf 92' lang='lat' dir='ltr'>es</span> <span class='ocrx_word' id='word_1_58' title='bbox 645 1799 850 1882; x_wconf 87' lang='lat' dir='ltr'>exemplum,</span> 
     </span>
     <span class='ocr_line' id='line_1_17' title="bbox 405 1895 742 1978; baseline -0.006 -19"><span class='ocrx_word' id='word_1_59' title='bbox 405 1907 440 1959; x_wconf 92' lang='lat' dir='ltr'>tu</span> <span class='ocrx_word' id='word_1_60' title='bbox 459 1897 590 1959; x_wconf 89' lang='lat' dir='ltr'>vivendi</span> <span class='ocrx_word' id='word_1_61' title='bbox 605 1895 719 1978; x_wconf 86' lang='lat' dir='ltr'>regula</span> <span class='ocrx_word' id='word_1_62' title='bbox 736 1917 742 1973; x_wconf 91' lang='lat'>;</span> 
     </span>
    </p>

    <p class='ocr_par' dir='ltr' id='par_1_13' title="bbox 362 1991 803 2074">
     <span class='ocr_line' id='line_1_18' title="bbox 362 1991 803 2074; baseline -0.002 -19"><span class='ocrx_word' id='word_1_63' title='bbox 362 1993 413 2056; x_wconf 92' lang='lat' dir='ltr'>Tu</span> <span class='ocrx_word' id='word_1_64' title='bbox 428 1994 559 2074; x_wconf 91' lang='lat' dir='ltr'>pudica,</span> <span class='ocrx_word' id='word_1_65' title='bbox 571 2001 606 2055; x_wconf 96' lang='lat' dir='ltr'>tu</span> <span class='ocrx_word' id='word_1_66' title='bbox 624 1991 803 2072; x_wconf 85' lang='lat' dir='ltr'>praeclara,</span> 
     </span>
    </p>

    <p class='ocr_par' dir='ltr' id='par_1_14' title="bbox 364 2087 838 2248">
     <span class='ocr_line' id='line_1_19' title="bbox 364 2087 838 2171; baseline -0.006 -20"><span class='ocrx_word' id='word_1_67' title='bbox 364 2099 398 2151; x_wconf 92' lang='lat' dir='ltr'>tu</span> <span class='ocrx_word' id='word_1_68' title='bbox 416 2110 450 2152; x_wconf 89' lang='lat' dir='ltr'>es</span> <span class='ocrx_word' id='word_1_69' title='bbox 466 2109 591 2171; x_wconf 84' lang='lat' dir='ltr'>sponsa</span> <span class='ocrx_word' id='word_1_70' title='bbox 609 2087 731 2152; x_wconf 84' lang='lat' dir='ltr'>Christi</span> <span class='ocrx_word' id='word_1_71' title='bbox 752 2107 838 2163; x_wconf 89' lang='lat' dir='ltr'>cara,</span> 
     </span>
     <span class='ocr_line' id='line_1_20' title="bbox 408 2185 791 2248; baseline -0.005 0"><span class='ocrx_word' id='word_1_72' title='bbox 408 2206 525 2248; x_wconf 93' lang='lat' dir='ltr'>carens</span> <span class='ocrx_word' id='word_1_73' title='bbox 541 2187 632 2248; x_wconf 91' lang='lat' dir='ltr'>omni</span> <span class='ocrx_word' id='word_1_74' title='bbox 652 2185 791 2246; x_wconf 90' lang='lat' dir='ltr'>macula.</span> 
     </span>
    </p>
   </div>
   <div class='ocr_carea' id='block_1_13' title="bbox 1058 1445 1367 1530">
    <p class='ocr_par' dir='ltr' id='par_1_15' title="bbox 1058 1445 1367 1530">
     <span class='ocr_line' id='line_1_21' title="bbox 1058 1445 1367 1530; baseline 0.006 -23"><span class='ocrx_word' id='word_1_75' title='bbox 1058 1446 1165 1530; x_wconf 91' lang='lat' dir='ltr'>vicisti</span> <span class='ocrx_word' id='word_1_76' title='bbox 1183 1445 1367 1528; x_wconf 86' lang='lat' dir='ltr'>magnifice.</span> 
     </span>
    </p>
   </div>
   <div class='ocr_carea' id='block_1_14' title="bbox 1240 1592 1262 1652">
    <p class='ocr_par' dir='ltr' id='par_1_16' title="bbox 1240 1592 1262 1652">
     <span class='ocr_line' id='line_1_22' title="bbox 1240 1592 1262 1652; baseline 0 0"><span class='ocrx_word' id='word_1_77' title='bbox 1240 1592 1262 1652; x_wconf 91' lang='lat'>4</span> 
     </span>
    </p>
   </div>
   <div class='ocr_carea' id='block_1_15' title="bbox 1036 1705 1466 1960">
    <p class='ocr_par' dir='ltr' id='par_1_17' title="bbox 1036 1705 1466 1960">
     <span class='ocr_line' id='line_1_23' title="bbox 1036 1705 1465 1785; baseline -0.005 -17"><span class='ocrx_word' id='word_1_78' title='bbox 1036 1706 1169 1785; x_wconf 85' lang='lat' dir='ltr'>Sponso</span> <span class='ocrx_word' id='word_1_79' title='bbox 1187 1713 1284 1768; x_wconf 88' lang='lat' dir='ltr'>nocte</span> <span class='ocrx_word' id='word_1_80' title='bbox 1302 1705 1465 1780; x_wconf 89' lang='lat' dir='ltr'>veniente,</span> 
     </span>
     <span class='ocr_line' id='line_1_24' title="bbox 1038 1800 1466 1881; baseline 0 -19"><span class='ocrx_word' id='word_1_81' title='bbox 1038 1800 1126 1862; x_wconf 87' lang='lat' dir='ltr'>tollis</span> <span class='ocrx_word' id='word_1_82' title='bbox 1144 1821 1263 1876; x_wconf 77' lang='lat' dir='ltr'>moraS,</span> <span class='ocrx_word' id='word_1_83' title='bbox 1279 1809 1313 1863; x_wconf 91' lang='lat' dir='ltr'>et</span> <span class='ocrx_word' id='word_1_84' title='bbox 1329 1809 1466 1881; x_wconf 89' lang='lat' dir='ltr'>repente</span> 
     </span>
     <span class='ocr_line' id='line_1_25' title="bbox 1078 1897 1379 1960; baseline 0.01 -4"><span class='ocrx_word' id='word_1_85' title='bbox 1078 1897 1139 1958; x_wconf 87' lang='lat' dir='ltr'>sibi</span> <span class='ocrx_word' id='word_1_86' title='bbox 1161 1897 1254 1959; x_wconf 89' lang='lat' dir='ltr'>vadis</span> <span class='ocrx_word' id='word_1_87' title='bbox 1271 1897 1379 1960; x_wconf 90' lang='lat' dir='ltr'>obvia.</span> 
     </span>
    </p>
   </div>
   <div class='ocr_carea' id='block_1_16' title="bbox 934 1990 1423 2072">
    <p class='ocr_par' dir='ltr' id='par_1_18' title="bbox 934 1990 1423 2072">
     <span class='ocr_line' id='line_1_26' title="bbox 934 1990 1423 2072; baseline 0.006 -20"><span class='ocrx_word' id='word_1_88' title='bbox 934 2015 937 2022; x_wconf 91' lang='lat'>·</span> <span class='ocrx_word' id='word_1_89' title='bbox 1033 1990 1129 2072; x_wconf 86' lang='lat' dir='ltr'>Quae</span> <span class='ocrx_word' id='word_1_90' title='bbox 1146 1991 1245 2054; x_wconf 90' lang='lat' dir='ltr'>abeo</span> <span class='ocrx_word' id='word_1_91' title='bbox 1262 2001 1423 2055; x_wconf 90' lang='lat' dir='ltr'>coronata</span> 
     </span>
    </p>
   </div>
   <div class='ocr_carea' id='block_1_17' title="bbox 1037 2087 1473 2264">
    <p class='ocr_par' dir='ltr' id='par_1_19' title="bbox 1037 2087 1473 2264">
     <span class='ocr_line' id='line_1_27' title="bbox 1037 2087 1473 2163; baseline 0.002 -16"><span class='ocrx_word' id='word_1_92' title='bbox 1037 2106 1118 2148; x_wconf 91' lang='lat' dir='ltr'>mox</span> <span class='ocrx_word' id='word_1_93' title='bbox 1135 2087 1167 2147; x_wconf 93' lang='lat' dir='ltr'>in</span> <span class='ocrx_word' id='word_1_94' title='bbox 1185 2087 1285 2148; x_wconf 89' lang='lat' dir='ltr'>caelis</span> <span class='ocrx_word' id='word_1_95' title='bbox 1302 2107 1337 2148; x_wconf 89' lang='lat' dir='ltr'>es</span> <span class='ocrx_word' id='word_1_96' title='bbox 1355 2087 1473 2163; x_wconf 87' lang='lat' dir='ltr'>locata,</span> 
     </span>
     <span class='ocr_line' id='line_1_28' title="bbox 1077 2181 1431 2264; baseline 0.006 -20"><span class='ocrx_word' id='word_1_97' title='bbox 1077 2202 1152 2244; x_wconf 93' lang='lat' dir='ltr'>cum</span> <span class='ocrx_word' id='word_1_98' title='bbox 1171 2182 1299 2262; x_wconf 88' lang='lat' dir='ltr'>ingenti</span> <span class='ocrx_word' id='word_1_99' title='bbox 1316 2181 1431 2264; x_wconf 89' lang='lat' dir='ltr'>gloria.</span> 
     </span>
    </p>
   </div>
   <div class='ocr_carea' id='block_1_18' title="bbox 939 2319 952 2383">
    <p class='ocr_par' dir='ltr' id='par_1_20' title="bbox 939 2319 952 2383">
     <span class='ocr_line' id='line_1_29' title="bbox 939 2319 952 2383; baseline 0 0"><span class='ocrx_word' id='word_1_100' title='bbox 939 2319 952 2383; x_wconf 90' lang='grc'>5</span> 
     </span>
    </p>
   </div>
   <div class='ocr_carea' id='block_1_19' title="bbox 727 2433 1209 2890">
    <p class='ocr_par' dir='ltr' id='par_1_21' title="bbox 727 2433 1209 2890">
     <span class='ocr_line' id='line_1_30' title="bbox 727 2433 1168 2514; baseline -0.007 -19"><span class='ocrx_word' id='word_1_101' title='bbox 727 2433 833 2514; x_wconf 89' lang='lat' dir='ltr'>Virgo</span> <span class='ocrx_word' id='word_1_102' title='bbox 849 2441 975 2507; x_wconf 85' lang='lat' dir='ltr'>sancta,</span> <span class='ocrx_word' id='word_1_103' title='bbox 987 2440 1045 2494; x_wconf 90' lang='lat' dir='ltr'>tua</span> <span class='ocrx_word' id='word_1_104' title='bbox 1062 2450 1168 2511; x_wconf 89' lang='lat' dir='ltr'>prece,</span> 
     </span>
     <span class='ocr_line' id='line_1_31' title="bbox 727 2523 1209 2601; baseline -0.002 -12"><span class='ocrx_word' id='word_1_105' title='bbox 727 2528 773 2589; x_wconf 88' lang='lat' dir='ltr'>sic</span> <span class='ocrx_word' id='word_1_106' title='bbox 785 2527 985 2590; x_wconf 88' lang='lat' dir='ltr'>mundemur</span> <span class='ocrx_word' id='word_1_107' title='bbox 1000 2526 1092 2588; x_wconf 90' lang='lat' dir='ltr'>omni</span> <span class='ocrx_word' id='word_1_108' title='bbox 1111 2523 1209 2601; x_wconf 87' lang='lat' dir='ltr'>faece,</span> 
     </span>
     <span class='ocr_line' id='line_1_32' title="bbox 772 2621 1118 2704; baseline -0.009 -20"><span class='ocrx_word' id='word_1_109' title='bbox 772 2633 806 2684; x_wconf 92' lang='lat' dir='ltr'>ut</span> <span class='ocrx_word' id='word_1_110' title='bbox 819 2622 944 2704; x_wconf 89' lang='lat' dir='ltr'>optatis</span> <span class='ocrx_word' id='word_1_111' title='bbox 962 2621 1118 2702; x_wconf 86' lang='lat' dir='ltr'>praemiis</span> 
     </span>
     <span class='ocr_line' id='line_1_33' title="bbox 729 2716 1206 2797; baseline -0.002 -19"><span class='ocrx_word' id='word_1_112' title='bbox 729 2717 937 2778; x_wconf 86' lang='lat' dir='ltr'>Perfruamur</span> <span class='ocrx_word' id='word_1_113' title='bbox 952 2735 1028 2778; x_wconf 92' lang='lat' dir='ltr'>cum</span> <span class='ocrx_word' id='word_1_114' title='bbox 1046 2716 1206 2797; x_wconf 88' lang='lat' dir='ltr'>supernis,</span> 
     </span>
     <span class='ocr_line' id='line_1_34' title="bbox 727 2811 1072 2890; baseline -0.003 -18"><span class='ocrx_word' id='word_1_115' title='bbox 727 2811 856 2890; x_wconf 84' lang='lat' dir='ltr'>liberati</span> <span class='ocrx_word' id='word_1_116' title='bbox 867 2811 910 2873; x_wconf 91' lang='lat' dir='ltr'>ab</span> <span class='ocrx_word' id='word_1_117' title='bbox 927 2811 1072 2874; x_wconf 90' lang='lat' dir='ltr'>aeternis</span> 
     </span>
    </p>
   </div>
   <div class='ocr_carea' id='block_1_20' title="bbox 772 2905 1129 3014">
    <p class='ocr_par' dir='ltr' id='par_1_22' title="bbox 772 2905 1129 3014">
     <span class='ocr_line' id='line_1_35' title="bbox 772 2905 1129 3014; baseline -0.003 -45"><span class='ocrx_word' id='word_1_118' title='bbox 772 2907 946 2985; x_wconf 84' lang='lat' dir='ltr'>gehennae</span> <span class='ocrx_word' id='word_1_119' title='bbox 959 2905 1129 3014; x_wconf 61' lang='lat' dir='ltr'>ingendiis.</span> 
     </span>
    </p>
   </div>
   <div class='ocr_carea' id='block_1_21' title="bbox 433 3074 1477 3166">
    <p class='ocr_par' dir='ltr' id='par_1_23' title="bbox 433 3074 1477 3166">
     <span class='ocr_line' id='line_1_36' title="bbox 433 3074 1477 3166; baseline 0.001 -18"><span class='ocrx_word' id='word_1_120' title='bbox 433 3101 483 3166; x_wconf 77' lang='lat'>14.</span> <span class='ocrx_word' id='word_1_121' title='bbox 510 3077 566 3148; x_wconf 92' lang='lat' dir='ltr'>IN</span> <span class='ocrx_word' id='word_1_122' title='bbox 587 3074 1148 3150; x_wconf 84' lang='lat' dir='ltr'>COMMEMORATIONE</span> <span class='ocrx_word' id='word_1_123' title='bbox 1177 3075 1216 3146; x_wconf 89' lang='lat' dir='ltr'>B.</span> <span class='ocrx_word' id='word_1_124' title='bbox 1243 3075 1477 3149; x_wconf 84' lang='lat' dir='ltr'><strong>MARIAE.</strong></span> 
     </span>
    </p>
   </div>
   <div class='ocr_carea' id='block_1_22' title="bbox 634 3267 642 3311">
    <p class='ocr_par' dir='ltr' id='par_1_24' title="bbox 634 3267 642 3311">
     <span class='ocr_line' id='line_1_37' title="bbox 634 3267 642 3311; baseline 0 0"><span class='ocrx_word' id='word_1_125' title='bbox 634 3267 642 3311; x_wconf 86' lang='lat' dir='ltr'>l</span> 
     </span>
    </p>
   </div>
   <div class='ocr_carea' id='block_1_23' title="bbox 431 3378 857 4126">
    <p class='ocr_par' dir='ltr' id='par_1_25' title="bbox 431 3378 857 4126">
     <span class='ocr_line' id='line_1_38' title="bbox 432 3378 786 3454; baseline -0.006 -12"><span class='ocrx_word' id='word_1_126' title='bbox 432 3379 462 3442; x_wconf 97' lang='lat' dir='ltr'>O</span> <span class='ocrx_word' id='word_1_127' title='bbox 482 3378 550 3452; x_wconf 87' lang='lat' dir='ltr'>lux,</span> <span class='ocrx_word' id='word_1_128' title='bbox 567 3399 636 3454; x_wconf 85' lang='lat' dir='ltr'>ave,</span> <span class='ocrx_word' id='word_1_129' title='bbox 652 3378 786 3454; x_wconf 87' lang='lat' dir='ltr'>caelica,</span> 
     </span>
     <span class='ocr_line' id='line_1_39' title="bbox 431 3473 814 3547; baseline 0.003 -13"><span class='ocrx_word' id='word_1_130' title='bbox 431 3483 545 3536; x_wconf 86' lang='lat' dir='ltr'>coetus</span> <span class='ocrx_word' id='word_1_131' title='bbox 562 3473 674 3535; x_wconf 90' lang='lat' dir='ltr'>lumen</span> <span class='ocrx_word' id='word_1_132' title='bbox 691 3474 814 3547; x_wconf 85' lang='lat' dir='ltr'>caelici‚</span> 
     </span>
     <span class='ocr_line' id='line_1_40' title="bbox 433 3571 857 3652; baseline -0.007 -19"><span class='ocrx_word' id='word_1_133' title='bbox 433 3592 532 3652; x_wconf 89' lang='lat' dir='ltr'>quam</span> <span class='ocrx_word' id='word_1_134' title='bbox 550 3571 709 3634; x_wconf 89' lang='lat' dir='ltr'>attollunt</span> <span class='ocrx_word' id='word_1_135' title='bbox 726 3573 857 3633; x_wconf 89' lang='lat' dir='ltr'>cantica</span> 
     </span>
     <span class='ocr_line' id='line_1_41' title="bbox 435 3663 770 3747; baseline -0.006 -19"><span class='ocrx_word' id='word_1_136' title='bbox 435 3666 596 3747; x_wconf 85' lang='lat' dir='ltr'>Principis</span> <span class='ocrx_word' id='word_1_137' title='bbox 613 3663 742 3747; x_wconf 89' lang='lat' dir='ltr'>pacifici</span> <span class='ocrx_word' id='word_1_138' title='bbox 763 3687 770 3742; x_wconf 94' lang='lat'>;</span> 
     </span>
     <span class='ocr_line' id='line_1_42' title="bbox 432 3759 761 3840; baseline 0 -19"><span class='ocrx_word' id='word_1_139' title='bbox 432 3760 600 3822; x_wconf 85' lang='lat' dir='ltr'>Medicina</span> <span class='ocrx_word' id='word_1_140' title='bbox 618 3759 761 3840; x_wconf 90' lang='lat' dir='ltr'>publica,</span> 
     </span>
     <span class='ocr_line' id='line_1_43' title="bbox 433 3855 842 3931; baseline -0.002 -13"><span class='ocrx_word' id='word_1_141' title='bbox 433 3855 562 3919; x_wconf 89' lang='lat' dir='ltr'>Summi</span> <span class='ocrx_word' id='word_1_142' title='bbox 584 3856 691 3917; x_wconf 83' lang='lat' dir='ltr'>Mater</span> <span class='ocrx_word' id='word_1_143' title='bbox 710 3856 842 3931; x_wconf 88' lang='lat' dir='ltr'>Medici,</span> 
     </span>
     <span class='ocr_line' id='line_1_44' title="bbox 432 3949 763 4032; baseline -0.003 -20"><span class='ocrx_word' id='word_1_144' title='bbox 432 3952 503 4032; x_wconf 86' lang='lat' dir='ltr'>pias</span> <span class='ocrx_word' id='word_1_145' title='bbox 519 3971 614 4012; x_wconf 88' lang='lat' dir='ltr'>aures</span> <span class='ocrx_word' id='word_1_146' title='bbox 631 3949 763 4031; x_wconf 89' lang='lat' dir='ltr'>applica</span> 
     </span>
     <span class='ocr_line' id='line_1_45' title="bbox 433 4043 842 4126; baseline 0.002 -19"><span class='ocrx_word' id='word_1_147' title='bbox 433 4055 566 4109; x_wconf 87' lang='lat' dir='ltr'>nostrae</span> <span class='ocrx_word' id='word_1_148' title='bbox 583 4043 673 4108; x_wconf 93' lang='lat' dir='ltr'>laudi</span> <span class='ocrx_word' id='word_1_149' title='bbox 690 4045 842 4126; x_wconf 88' lang='lat' dir='ltr'>simplici.</span> 
     </span>
    </p>
   </div>
   <div class='ocr_carea' id='block_1_24' title="bbox 434 4189 819 4381">
    <p class='ocr_par' dir='ltr' id='par_1_26' title="bbox 434 4189 819 4381">
     <span class='ocr_line' id='line_1_46' title="bbox 629 4189 647 4234; baseline 0 0"><span class='ocrx_word' id='word_1_150' title='bbox 629 4189 647 4234; x_wconf 86' lang='lat'><strong><em>2</em></strong></span> 
     </span>
     <span class='ocr_line' id='line_1_47' title="bbox 434 4299 819 4381; baseline -0.005 -19"><span class='ocrx_word' id='word_1_151' title='bbox 434 4299 549 4381; x_wconf 85' lang='lat' dir='ltr'>Imple,</span> <span class='ocrx_word' id='word_1_152' title='bbox 567 4299 673 4380; x_wconf 85' lang='lat' dir='ltr'>Virgo</span> <span class='ocrx_word' id='word_1_153' title='bbox 690 4299 819 4376; x_wconf 86' lang='lat' dir='ltr'>nobilis,</span> 
     </span>
    </p>
   </div>
   <div class='ocr_carea' id='block_1_25' title="bbox 432 4395 824 4571">
    <p class='ocr_par' dir='ltr' id='par_1_27' title="bbox 432 4395 824 4571">
     <span class='ocr_line' id='line_1_48' title="bbox 432 4395 752 4469; baseline -0.003 -12"><span class='ocrx_word' id='word_1_154' title='bbox 432 4415 489 4457; x_wconf 86' lang='lat' dir='ltr'>ora</span> <span class='ocrx_word' id='word_1_155' title='bbox 505 4404 538 4458; x_wconf 89' lang='lat' dir='ltr'>te</span> <span class='ocrx_word' id='word_1_156' title='bbox 551 4395 752 4469; x_wconf 86' lang='lat' dir='ltr'>canentium,</span> 
     </span>
     <span class='ocr_line' id='line_1_49' title="bbox 432 4487 824 4571; baseline -0.005 -19"><span class='ocrx_word' id='word_1_157' title='bbox 432 4501 466 4552; x_wconf 93' lang='lat' dir='ltr'>tu</span> <span class='ocrx_word' id='word_1_158' title='bbox 484 4487 620 4571; x_wconf 87' lang='lat' dir='ltr'>quidem</span> <span class='ocrx_word' id='word_1_159' title='bbox 638 4489 824 4564; x_wconf 86' lang='lat' dir='ltr'>laudabilis,</span> 
     </span>
    </p>
   </div>
   <div class='ocr_carea' id='block_1_26' title="bbox 434 4585 887 4664">
    <p class='ocr_par' dir='ltr' id='par_1_28' title="bbox 434 4585 887 4664">
     <span class='ocr_line' id='line_1_50' title="bbox 434 4585 887 4664; baseline -0.002 -18"><span class='ocrx_word' id='word_1_160' title='bbox 434 4585 570 4647; x_wconf 92' lang='lat' dir='ltr'>laudum</span> <span class='ocrx_word' id='word_1_161' title='bbox 588 4603 698 4664; x_wconf 89' lang='lat' dir='ltr'>capax</span> <span class='ocrx_word' id='word_1_162' title='bbox 714 4585 864 4646; x_wconf 91' lang='lat' dir='ltr'>omnium</span> <span class='ocrx_word' id='word_1_163' title='bbox 882 4604 887 4657; x_wconf 93' lang='lat'>;</span> 
     </span>
    </p>
   </div>
   <div class='ocr_carea' id='block_1_27' title="bbox 434 4678 824 5042">
    <p class='ocr_par' dir='ltr' id='par_1_29' title="bbox 434 4678 823 4932">
     <span class='ocr_line' id='line_1_51' title="bbox 435 4678 795 4759; baseline -0.006 -17"><span class='ocrx_word' id='word_1_164' title='bbox 435 4680 506 4742; x_wconf 92' lang='lat' dir='ltr'>Nec</span> <span class='ocrx_word' id='word_1_165' title='bbox 523 4679 566 4741; x_wconf 90' lang='lat' dir='ltr'>sit</span> <span class='ocrx_word' id='word_1_166' title='bbox 582 4678 795 4759; x_wconf 89' lang='lat' dir='ltr'>despicabilis</span> 
     </span>
     <span class='ocr_line' id='line_1_52' title="bbox 435 4772 823 4848; baseline -0.005 -11"><span class='ocrx_word' id='word_1_167' title='bbox 435 4774 494 4837; x_wconf 92' lang='lat' dir='ltr'>tibi</span> <span class='ocrx_word' id='word_1_168' title='bbox 512 4793 580 4835; x_wconf 89' lang='lat' dir='ltr'>vox</span> <span class='ocrx_word' id='word_1_169' title='bbox 602 4772 823 4848; x_wconf 83' lang='lat' dir='ltr'>laudantium,</span> 
     </span>
     <span class='ocr_line' id='line_1_53' title="bbox 434 4864 699 4932; baseline -0.004 -1"><span class='ocrx_word' id='word_1_170' title='bbox 434 4870 510 4932; x_wconf 91' lang='lat' dir='ltr'>licet</span> <span class='ocrx_word' id='word_1_171' title='bbox 524 4864 699 4930; x_wconf 82' lang='lat' dir='ltr'>ineffabilis</span> 
     </span>
    </p>

    <p class='ocr_par' dir='ltr' id='par_1_30' title="bbox 438 4960 824 5042">
     <span class='ocr_line' id='line_1_54' title="bbox 438 4960 824 5042; baseline 0.005 -17"><span class='ocrx_word' id='word_1_172' title='bbox 438 4965 548 5026; x_wconf 86' lang='lat' dir='ltr'>vincat</span> <span class='ocrx_word' id='word_1_173' title='bbox 560 4960 630 5023; x_wconf 88' lang='lat' dir='ltr'>laus</span> <span class='ocrx_word' id='word_1_174' title='bbox 644 4963 824 5042; x_wconf 73' lang='lat' dir='ltr'>ingenium,</span> 
     </span>
    </p>
   </div>
   <div class='ocr_carea' id='block_1_28' title="bbox 1256 3267 1272 3328">
    <p class='ocr_par' dir='ltr' id='par_1_31' title="bbox 1256 3267 1272 3328">
     <span class='ocr_line' id='line_1_55' title="bbox 1256 3267 1272 3328; baseline 0 0"><span class='ocrx_word' id='word_1_175' title='bbox 1256 3267 1272 3328; x_wconf 85' lang='lat'>3</span> 
     </span>
    </p>
   </div>
   <div class='ocr_carea' id='block_1_29' title="bbox 1036 3376 1501 4111">
    <p class='ocr_par' dir='ltr' id='par_1_32' title="bbox 1036 3376 1501 3651">
     <span class='ocr_line' id='line_1_56' title="bbox 1040 3376 1501 3458; baseline 0 -21"><span class='ocrx_word' id='word_1_176' title='bbox 1040 3376 1179 3438; x_wconf 90' lang='lat' dir='ltr'>Trinum</span> <span class='ocrx_word' id='word_1_177' title='bbox 1197 3377 1328 3439; x_wconf 90' lang='lat' dir='ltr'>hostem</span> <span class='ocrx_word' id='word_1_178' title='bbox 1346 3378 1501 3458; x_wconf 90' lang='lat' dir='ltr'>patimur,</span> 
     </span>
     <span class='ocr_line' id='line_1_57' title="bbox 1036 3474 1375 3555; baseline 0.006 -21"><span class='ocrx_word' id='word_1_179' title='bbox 1036 3475 1191 3555; x_wconf 91' lang='lat' dir='ltr'>trinoque</span> <span class='ocrx_word' id='word_1_180' title='bbox 1207 3474 1375 3537; x_wconf 87' lang='lat' dir='ltr'>conflictui</span> 
     </span>
     <span class='ocr_line' id='line_1_58' title="bbox 1040 3569 1394 3651; baseline 0.008 -22"><span class='ocrx_word' id='word_1_181' title='bbox 1040 3569 1161 3650; x_wconf 90' lang='lat' dir='ltr'>iugiter</span> <span class='ocrx_word' id='word_1_182' title='bbox 1171 3571 1394 3651; x_wconf 89' lang='lat' dir='ltr'>exponimur:</span> 
     </span>
    </p>

    <p class='ocr_par' dir='ltr' id='par_1_33' title="bbox 1039 3665 1480 3934">
     <span class='ocr_line' id='line_1_59' title="bbox 1039 3665 1323 3729; baseline 0.014 -5"><span class='ocrx_word' id='word_1_183' title='bbox 1039 3673 1074 3725; x_wconf 94' lang='lat' dir='ltr'>tu</span> <span class='ocrx_word' id='word_1_184' title='bbox 1091 3665 1206 3726; x_wconf 88' lang='lat' dir='ltr'>resiste</span> <span class='ocrx_word' id='word_1_185' title='bbox 1223 3665 1323 3729; x_wconf 91' lang='lat' dir='ltr'>casui.</span> 
     </span>
     <span class='ocr_line' id='line_1_60' title="bbox 1043 3759 1480 3841; baseline 0.002 -23"><span class='ocrx_word' id='word_1_186' title='bbox 1043 3759 1234 3834; x_wconf 87' lang='lat' dir='ltr'>Premimur,</span> <span class='ocrx_word' id='word_1_187' title='bbox 1250 3760 1480 3841; x_wconf 84' lang='lat' dir='ltr'>opprlmimur,</span> 
     </span>
     <span class='ocr_line' id='line_1_61' title="bbox 1043 3854 1384 3934; baseline 0.009 -20"><span class='ocrx_word' id='word_1_188' title='bbox 1043 3862 1076 3916; x_wconf 88' lang='lat' dir='ltr'>et</span> <span class='ocrx_word' id='word_1_189' title='bbox 1093 3854 1250 3916; x_wconf 89' lang='lat' dir='ltr'>timemus</span> <span class='ocrx_word' id='word_1_190' title='bbox 1267 3855 1361 3917; x_wconf 90' lang='lat' dir='ltr'>obrui</span> <span class='ocrx_word' id='word_1_191' title='bbox 1377 3879 1384 3934; x_wconf 93' lang='lat'>;</span> 
     </span>
    </p>

    <p class='ocr_par' dir='ltr' id='par_1_34' title="bbox 1039 3947 1501 4111">
     <span class='ocr_line' id='line_1_62' title="bbox 1039 3947 1501 4030; baseline -0.004 -20"><span class='ocrx_word' id='word_1_192' title='bbox 1039 3949 1097 4011; x_wconf 91' lang='lat' dir='ltr'>sed</span> <span class='ocrx_word' id='word_1_193' title='bbox 1115 3947 1148 4010; x_wconf 96' lang='lat' dir='ltr'>hi</span> <span class='ocrx_word' id='word_1_194' title='bbox 1160 3970 1218 4030; x_wconf 89' lang='lat' dir='ltr'>per</span> <span class='ocrx_word' id='word_1_195' title='bbox 1230 3970 1313 4029; x_wconf 86' lang='lat' dir='ltr'>quos</span> <span class='ocrx_word' id='word_1_196' title='bbox 1329 3949 1501 4012; x_wconf 90' lang='lat' dir='ltr'>caedimur</span> 
     </span>
     <span class='ocr_line' id='line_1_63' title="bbox 1042 4046 1362 4111; baseline 0.003 -3"><span class='ocrx_word' id='word_1_197' title='bbox 1042 4056 1101 4108; x_wconf 92' lang='lat' dir='ltr'>tuo</span> <span class='ocrx_word' id='word_1_198' title='bbox 1117 4046 1241 4109; x_wconf 89' lang='lat' dir='ltr'>cedunt</span> <span class='ocrx_word' id='word_1_199' title='bbox 1258 4048 1362 4111; x_wconf 93' lang='lat' dir='ltr'>nutui.</span> 
     </span>
    </p>
   </div>
   <div class='ocr_carea' id='block_1_30' title="bbox 1257 4193 1278 4252">
    <p class='ocr_par' dir='ltr' id='par_1_35' title="bbox 1257 4193 1278 4252">
     <span class='ocr_line' id='line_1_64' title="bbox 1257 4193 1278 4252; baseline 0 0"><span class='ocrx_word' id='word_1_200' title='bbox 1257 4193 1278 4252; x_wconf 92' lang='lat'>4</span> 
     </span>
    </p>
   </div>
   <div class='ocr_carea' id='block_1_31' title="bbox 1039 4300 1480 5046">
    <p class='ocr_par' dir='ltr' id='par_1_36' title="bbox 1039 4300 1480 5046">
     <span class='ocr_line' id='line_1_65' title="bbox 1041 4300 1437 4382; baseline -0.005 -20"><span class='ocrx_word' id='word_1_201' title='bbox 1041 4300 1119 4362; x_wconf 88' lang='lat' dir='ltr'>Flos</span> <span class='ocrx_word' id='word_1_202' title='bbox 1137 4301 1274 4364; x_wconf 83' lang='lat' dir='ltr'>humani</span> <span class='ocrx_word' id='word_1_203' title='bbox 1296 4301 1437 4382; x_wconf 88' lang='lat' dir='ltr'>generis,</span> 
     </span>
     <span class='ocr_line' id='line_1_66' title="bbox 1039 4395 1324 4460; baseline 0 -2"><span class='ocrx_word' id='word_1_204' title='bbox 1039 4395 1099 4458; x_wconf 91' lang='lat' dir='ltr'>tibi</span> <span class='ocrx_word' id='word_1_205' title='bbox 1112 4395 1173 4458; x_wconf 92' lang='lat' dir='ltr'>soli</span> <span class='ocrx_word' id='word_1_206' title='bbox 1190 4397 1324 4460; x_wconf 90' lang='lat' dir='ltr'>debitus</span> 
     </span>
     <span class='ocr_line' id='line_1_67' title="bbox 1039 4489 1440 4571; baseline -0.005 -19"><span class='ocrx_word' id='word_1_207' title='bbox 1039 4490 1178 4553; x_wconf 87' lang='lat' dir='ltr'>thronus</span> <span class='ocrx_word' id='word_1_208' title='bbox 1194 4501 1245 4553; x_wconf 87' lang='lat' dir='ltr'>est</span> <span class='ocrx_word' id='word_1_209' title='bbox 1262 4491 1294 4553; x_wconf 94' lang='lat' dir='ltr'>in</span> <span class='ocrx_word' id='word_1_210' title='bbox 1312 4489 1440 4571; x_wconf 84' lang='lat' dir='ltr'>superis</span> 
     </span>
     <span class='ocr_line' id='line_1_68' title="bbox 1045 4585 1466 4668; baseline 0.005 -24"><span class='ocrx_word' id='word_1_211' title='bbox 1045 4585 1141 4647; x_wconf 85' lang='lat' dir='ltr'>iuxta</span> <span class='ocrx_word' id='word_1_212' title='bbox 1162 4585 1290 4648; x_wconf 88' lang='lat' dir='ltr'>Prolem</span> <span class='ocrx_word' id='word_1_213' title='bbox 1309 4586 1438 4668; x_wconf 90' lang='lat' dir='ltr'>positus</span> <span class='ocrx_word' id='word_1_214' title='bbox 1460 4603 1466 4658; x_wconf 91' lang='lat'>;</span> 
     </span>
     <span class='ocr_line' id='line_1_69' title="bbox 1044 4678 1444 4760; baseline -0.005 -18"><span class='ocrx_word' id='word_1_215' title='bbox 1044 4678 1092 4742; x_wconf 91' lang='lat' dir='ltr'>Ut</span> <span class='ocrx_word' id='word_1_216' title='bbox 1108 4678 1159 4740; x_wconf 90' lang='lat' dir='ltr'>his</span> <span class='ocrx_word' id='word_1_217' title='bbox 1176 4699 1261 4760; x_wconf 90' lang='lat' dir='ltr'>quos</span> <span class='ocrx_word' id='word_1_218' title='bbox 1275 4681 1444 4743; x_wconf 88' lang='lat' dir='ltr'>vocaveris</span> 
     </span>
     <span class='ocr_line' id='line_1_70' title="bbox 1045 4774 1407 4838; baseline 0.006 -4"><span class='ocrx_word' id='word_1_219' title='bbox 1045 4775 1087 4835; x_wconf 89' lang='lat' dir='ltr'>sit</span> <span class='ocrx_word' id='word_1_220' title='bbox 1104 4774 1146 4836; x_wconf 92' lang='lat' dir='ltr'>ad</span> <span class='ocrx_word' id='word_1_221' title='bbox 1163 4784 1279 4838; x_wconf 87' lang='lat' dir='ltr'>votum</span> <span class='ocrx_word' id='word_1_222' title='bbox 1296 4777 1407 4838; x_wconf 89' lang='lat' dir='ltr'>aditus</span> 
     </span>
     <span class='ocr_line' id='line_1_71' title="bbox 1041 4868 1480 4952; baseline -0.005 -22"><span class='ocrx_word' id='word_1_223' title='bbox 1041 4868 1219 4951; x_wconf 87' lang='lat' dir='ltr'>trahatque</span> <span class='ocrx_word' id='word_1_224' title='bbox 1235 4890 1320 4952; x_wconf 86' lang='lat' dir='ltr'>quos</span> <span class='ocrx_word' id='word_1_225' title='bbox 1339 4869 1480 4932; x_wconf 82' lang='lat' dir='ltr'>traxeris</span> 
     </span>
     <span class='ocr_line' id='line_1_72' title="bbox 1045 4963 1351 5046; baseline 0.013 -22"><span class='ocrx_word' id='word_1_226' title='bbox 1045 4973 1121 5024; x_wconf 86' lang='lat' dir='ltr'>tuus</span> <span class='ocrx_word' id='word_1_227' title='bbox 1136 4963 1351 5046; x_wconf 90' lang='lat' dir='ltr'>Unigenitus.</span> 
     </span>
    </p>
   </div>
   <div class='ocr_carea' id='block_1_32' title="bbox 0 0 2055 5796">
    <p class='ocr_par' dir='ltr' id='par_1_37' title="bbox 0 0 2055 5796">
     <span class='ocr_line' id='line_1_73' title="bbox 0 0 2055 5796; baseline 0 0"><span class='ocrx_word' id='word_1_228' title='bbox 0 0 2055 5796; x_wconf 95' lang='lat' dir='ltr'> </span> 
     </span>
    </p>
   </div>
  </div>
 </body>
</html>
