4116 5784
575 529 717 581 PROSAE
744 529 947 580 ECCLESIAE
974 529 1109 579 SANCTI
1137 529 1306 580 DIONYSII
1507 513 1577 601 365

942 719 957 786 5

724 825 837 909 Signis
854 826 920 890 iam
937 845 1005 889 non
1024 824 1147 890 infimis

724 919 887 1004 effulgens
903 941 1004 1004 quam
1021 920 1173 1003 plurimis

724 1017 855 1081 scandit
871 1016 955 1079 caeli
971 1015 1157 1080 thalamum
1174 1039 1181 1093 ;

725 1112 827 1177 Unde
845 1112 958 1175 mittat
975 1112 1101 1174 intimis

724 1209 829 1272 nostri
846 1215 961 1270 coetus
977 1207 1098 1274 animis
1122 1275 1123 1278 Ἴ

726 1301 898 1365 charitatis
915 1300 1112 1366 balsamum.

364 1491 555 1621 Mappscppt.
578 1486 692 1539 Purus:
714 1481 786 1537 Bibl.
807 1482 883 1550 Nat,
900 1494 975 1550 1107,
998 1481 1098 1538 Missel
1119 1481 1156 1537 de
1172 1483 1302 1554 l'abhaye
1324 1484 1360 1539 de
1381 1485 1584 1553 saint-Denys,

325 1567 413 1623 xrv⁸si
432 1583 483 1634 ce,
535 1606 541 1618 .

582 1753 663 1840 256.
697 1745 771 1818 uu
802 1744 1026 1818 siluero
1058 1745 1322 1820 rmumo

637 1981 648 2026 l

459 2077 562 2140 Vocis
578 2095 654 2139 cum
670 2094 809 2139 camena

459 2171 588 2253 plaudit
605 2191 699 2234 mens
715 2191 839 2246 serena,

459 2267 688 2331 dumscandit
704 2286 846 2329 amoena

418 2363 584 2427 Firminus
600 2363 794 2438 caelestium
811 2383 818 2440 ;

463 2460 558 2523 Haec
574 2468 625 2522 est
642 2459 714 2522 dies
730 2457 818 2520 laeta

463 2575 528 2637 qua
545 2554 640 2618 lortis
656 2553 782 2616 athleta

463 2649 595 2726 Christi,
612 2658 719 2711 morte
735 2657 856 2730 spreta,

419 2755 556 2809 vocatur
571 2746 613 2807 ad
630 2744 800 2826 gaudium.

640 2874 657 2920 2

465 2971 531 3034 Hic
548 2971 669 3053 dignus
686 2968 797 3032 laurea

464 3059 579 3141 legens
595 3078 639 3121 ex
655 3075 754 3120 aurea

464 3155 624 3218 virtutum
641 3172 718 3215 area

422 3249 488 3313 lilia
504 3269 580 3312 curn
598 3247 716 3311 rosulis
731 3273 738 3328 ;

466 3346 615 3408 Firmum
632 3363 691 3406 vas
708 3341 785 3405 fidei

465 3461 590 3524 sagena
606 3439 644 3503 fit
661 3439 725 3502 Dei

466 3547 499 3600 et
516 3537 663 3618 piscatur
680 3533 721 3596 Ei

424 3633 584 3714 plurimos
600 3651 645 3694 ex
661 3628 800 3712 populis.

469 3849 562 3914 Sacri
579 3757 789 3930 pradsulatus

470 3945 613 4027 adeptus
632 3961 802 4020 cacumen,

469 4041 578 4124 gratia
593 4039 720 4102 ditatus

1263 1983 1285 2040 4

1092 2073 1247 2136 Alvernis
1263 2075 1435 2156 praedicat

1092 2169 1141 2231 vir
1156 2179 1291 2232 sanctus
1307 2170 1450 2249 discolis,

1092 2263 1293 2346 Christoque
1309 2266 1443 2330 dedicat

1091 2361 1182 2442 quod
1200 2359 1307 2424 aufert
1328 2361 1432 2426 idolis.

1082 2451 1276 2518 'Belvacum
1293 2457 1430 2520 veniens

1094 2550 1233 2616 incurrit
1249 2551 1391 2630 vincula,

1095 2646 1153 2708 sed
1171 2645 1324 2709 Christus
1341 2646 1467 2710 leniens

1097 2741 1185 2804 tollit
1202 2741 1357 2824 pericula.

1271 2871 1286 2936 5

1096 2967 1235 3032 Solutus
1251 2988 1381 3032 carcere

1094 3053 1195 3118 fidem
1212 3055 1417 3136 disseminat,

1097 3169 1158 3212 nec
1175 3171 1294 3214 curans
1311 3172 1448 3234 parcere

1097 3245 1223 3309 fructus
1240 3247 1435 3329 ingeminat,

1096 3341 1380 3406 Ambianensium

1097 3438 1227 3500 animas
1243 3439 1394 3502 ambiens

1098 3533 1170 3600 exit
1187 3534 1345 3597 exsilium

1098 3629 1140 3692 ad
1158 3627 1328 3692 Christum
1345 3632 1518 3696 transiens.

1272 3743 1293 3802 6

1101 3845 1203 3909 Hunc
1220 3847 1268 3909 vir
1283 3847 1488 3930 prophanus,

1147 3941 1374 4020 Sebastianus

1144 4057 1203 4118 per
1218 4038 1306 4101 diras
1323 4059 1442 4102 manus

469 4145 602 4219 gratum
619 4134 728 4198 reddit
745 4133 870 4196 lumen.
1058 4131 1202 4196 decollat
1219 4134 1251 4195 in
1269 4153 1410 4199 carcere.

470 4233 578 4296 Docet
594 4249 695 4313 quam
714 4229 757 4292 sit
774 4229 915 4294 stultum
1151 4228 1252 4310 Erg0,
1270 4229 1426 4308 Firmine,

472 4338 505 4392 et
521 4347 572 4390 res
591 4345 692 4409 quam
709 4325 885 4408 prophana
1148 4323 1209 4387 zeli
1226 4325 1366 4404 camine,

473 4423 593 4487 falsum
610 4422 704 4504 sequi
720 4421 858 4498 cultum,
1151 4440 1211 4483 nos
1228 4421 1299 4484 sine
1316 4419 1382 4485 fine

473 4518 634 4584 fabricare
651 4517 748 4581 sana!
1065 4515 1208 4579 saccum
1226 4517 1361 4582 Christo
1377 4517 1497 4584 vivere.

379 4713 572 4843 uagiwitit'
596 4709 710 4762 Palus:
732 4706 803 4762 Blbl.
818 4707 892 4774 Nat,
910 4720 985 4772 1107,
1007 4704 1107 4759 Missel
1127 4705 1162 4758 de
1185 4705 1314 4774 l’abbaye
1335 4705 1371 4761 de
1394 4705 1602 4777 Saint-Denys,

342 4786 402 4842 xiv⁶
412 4787 435 4842 si
454 4803 506 4856 ce,
555 4827 561 4842 .

382 4941 428 4995 30
460 4927 551 4982 Decet
564 4941 650 4997 quam
664 4925 693 4980 fit
707 4925 750 4979 M.

382 5019 429 5072 4e
460 5005 612 5061 Belnatum
622 5005 667 5062 M.
