4116 5784
487 523 560 598 320
791 514 933 566 PROSAE
961 510 1166 564 ECCLESIAE
1192 509 1447 562 ABRINCENSIS

790 697 813 758 6
1207 689 1297 754 Fluit
1313 709 1357 753 ex
1373 685 1564 762 visceribus

530 824 704 891 Valerium
722 818 872 903 relegari,
1205 786 1322 851 ⁵0¹¹¹ll⁵
1338 781 1569 866 00¹¹¹P³glb¹¹⁵·
1639 859 1641 864 .

533 919 753 988 Vincentium
770 914 929 980 reservari

577 1015 747 1100 praecepit
764 1011 946 1096 suppliciis,
1419 963 1453 1009 11

534 1115 653 1178 Donec
669 1129 746 1175 eum
763 1129 822 1192 per
836 1113 1006 1171 tormenta
1207 1103 1440 1184 Adsumptum
1457 1097 1621 1181 aequuleo

534 1210 617 1275 nulli
634 1209 725 1292 prius
741 1207 923 1270 adinventa
1208 1199 1296 1262 lecto
1312 1204 1443 1280 ponunt
1459 1195 1566 1257 ferreo
1573 1215 1581 1272 ;

578 1305 713 1388 subigat
730 1301 888 1385 imperiis.
1208 1293 1378 1361 Carbones
1394 1291 1575 1355 subiiciunt

797 1437 816 1502 7
1209 1399 1242 1455 et
1258 1389 1367 1452 furcas
1383 1386 1556 1451 adiiciunt.

536 1537 734 1624 Aequuleus
750 1556 832 1599 mox
848 1541 984 1616 paratur
1270 1533 1274 1540 '
1423 1570 1460 1618 12

535 1639 578 1702 ad
595 1655 695 1719 quem
713 1642 841 1714 martyr
854 1627 1058 1712 applicatur;

578 1732 738 1798 Gaudens
755 1728 818 1791 sert
834 1724 1000 1808 supplicia
1211 1711 1305 1774 Haec
1322 1709 1444 1792 perfert
1460 1705 1663 1770 laetissimus

578 1829 696 1913 plenus
715 1825 780 1889 Dei
798 1823 916 1907 gratia.
1211 1805 1338 1872 athleta
1354 1803 1565 1880 fortissimus,

795 1949 814 2008 3
1142 1927 1145 1934 ·
1206 1905 1325 1988 Agens
1343 1903 1418 1965 Deo
1434 1901 1559 1982 gratias

535 2063 674 2126 Dicens:
685 2063 700 2092 ‘¹
716 2059 792 2130 Hoc
805 2064 855 2120 est
866 2053 956 2137 quod
969 2049 1094 2134 optavi,
1208 2011 1346 2084 propter
1361 2007 1413 2062 tot
1430 1996 1580 2060 mimas·

535 2177 595 2242 pro
611 2175 678 2239 quo
695 2155 770 2218 Deo
786 2147 991 2234 supplicavi;
1424 2185 1464 2251 13,

580 2251 637 2317 Ad
655 2259 781 2313 aeterna
797 2245 924 2330 gaudia

581 2349 686 2413 tendo
701 2366 760 2430 per
776 2341 949 2427 supplicia.
961 2339 977 2366 ”
1168 2327 1268 2412 Quod
1285 2347 1362 2390 cum
1378 2327 1471 2390 videt
1488 2323 1670 2399 Dacianus‚

799 2483 821 2546 9
1168 2426 1293 2490 clamat
1315 2423 1438 2487 servis:
1457 2421 1608 2486 “Cesset
1627 2437 1756 2494 manus,

619 2591 626 2606 ‚
1170 2519 1309 2585 Mollem
1326 2527 1444 2602 parate
1459 2515 1619 2580 lectulum

541 2593 712 2656 Dacranus
728 2587 859 2696 frendet
874 2585 986 2662 dente,
1170 2640 1237 2702 quo
1253 2617 1438 2700 requiescat
1454 2613 1637 2699 paululum·
1654 2611 1670 2640 n

540 2707 622 2752 voce
638 2686 771 2761 elamat,
788 2681 865 2747 lurrt
882 2689 1003 2756 mente,

582 2783 628 2846 Et
644 2781 803 2864 quoniam
820 2777 963 2841 vincitur
1424 2795 1463 2858 14

583 2878 679 2942 victis
696 2895 763 2940 non
781 2873 940 2938 irascitur.

1171 2929 1301 3012 Martyr
1318 2937 1354 2990 ut
1370 2927 1457 2990 lecto
1474 2925 1610 3008 ponitur

795 3019 835 3066 ¹0
1171 3026 1236 3089 iam
1254 3027 1286 3088 in
1306 3034 1413 3088 morte
1430 3022 1621 3100 resolvitur;

543 3128 661 3194 Cessat
677 3133 784 3189 tortor
800 3122 980 3204 fatigatus:
1172 3122 1284 3186 Huius
1299 3121 1397 3184 nobis
1413 3139 1511 3203 prece
1527 3117 1584 3201 pia

542 3223 679 3308 sanguis
695 3241 755 3306 per
771 3228 950 3301 utrumque
966 3216 1053 3280 latus
1171 3219 1229 3282 det
1245 3217 1398 3282 Christus
1414 3235 1492 3279 vera
1508 3215 1640 3298 gaudia.

536 3413 618 3469 Cette
632 3414 720 3467 Prose
732 3421 776 3466 est
789 3426 845 3464 une
858 3406 999 3462 imitation
1013 3407 1049 3462 de
1063 3407 1091 3462 la
1103 3407 1216 3463 celebre
1229 3409 1317 3462 Prose
1327 3405 1482 3462 consacrte,
1495 3403 1606 3462 asaint
1619 3404 1754 3474 Lautam,

498 3505 527 3552 et
541 3511 597 3565 que
611 3492 737 3548 Kehrein
750 3509 767 3546 a
780 3489 893 3561 publiee
909 3496 942 3544 n⁰
953 3489 1014 3558 625.

632 3887 714 3956 214.
748 3858 806 3934 m
846 3819 1634 3932 PVR1F1CAT10NEB.MAR1AE.

813 4159 826 4205 1
1439 4149 1458 4194 2

548 4317 676 4397 Gaude,
692 4323 798 4380 mater
814 4313 906 4389 Sion,
917 4310 1036 4393 gaude,
1153 4345 1156 4355 ‹
1178 4287 1293 4370 Prima
1309 4325 1429 4388 parens
1446 4303 1638 4386 paradisum

548 4416 658 4492 corde,
673 4431 763 4490 voce,
779 4428 879 4472 manu
897 4406 1029 4490 plaude,
1178 4402 1297 4466 clausit
1313 4399 1419 4476 nobis,
1436 4399 1534 4464 trusit
1549 4399 1668 4478 visum,

550 4514 583 4577 in
600 4511 735 4593 reginae
750 4506 833 4570 caeli
850 4503 950 4568 laude
1182 4498 1260 4563 lacti
1277 4517 1392 4561 sumus
1409 4497 1442 4560 in
1458 4495 1605 4560 derisum

594 4606 753 4674 attollens
768 4602 983 4686 praeconium
997 4619 1005 4679 3
1223 4599 1256 4663 in
1273 4605 1454 4680 conspectu
1470 4595 1617 4660 hostium
1633 4615 1641 4674 ;

553 4705 619 4770 Die
635 4703 700 4766 ista
716 4701 837 4764 domus
854 4697 918 4760 Dei
1182 4695 1313 4762 Stultus
1329 4693 1454 4770 Adam,
1469 4693 1595 4775 primus
1611 4681 1723 4769 homa,

552 4799 624 4886 pari
640 4807 720 4862 voto
736 4793 859 4878 psallat
875 4793 904 4856 ei
1181 4803 1232 4858 est
1248 4791 1410 4877 expulsus
1429 4790 1493 4854 Dei
1509 4790 1622 4868 domu,

552 4917 612 4982 per
627 4912 727 4978 quam
744 4890 871 4966 flentes,
886 4907 946 4970 per
961 4905 1062 4972 quam
1079 4886 1124 4950 rei
1180 4891 1271 4955 subit
1287 4906 1441 4973 poenam,
1457 4885 1568 4968 perdit
1583 4905 1687 4969 pomo

596 4995 685 5061 nacti
699 5000 780 5058 sunt
795 4989 990 5055 remedium.
1223 4987 1366 5070 patriam
1383 4981 1546 5048 vitalium.
1576 5039 1581 5048 ,
1653 5039 1657 5046 .
