4102 5792
484 513 558 603 488
643 530 785 582 unosnu
814 530 1018 580 scenssrnn
1045 529 1262 582 scortuamr
1289 527 1597 580 coursuorunsrs

521 713 716 766 Manuscrlt.
741 709 854 762 Panis:
877 706 948 762 Bibl.
965 708 1040 776 Nan,
1057 719 1151 774 17329‚
1165 707 1290 762 Graduel
1308 707 1345 762 de
1358 704 1603 775 saint-Corneille,
1616 706 1738 764 xiiirsie-

482 795 534 860 cle,
547 791 578 848 S.

516 902 568 964 4b
599 895 727 966 placidas
741 896 770 950 S.

518 979 564 1033 8ο
595 978 734 1033 tudensS

798 1099 879 1166 349.
913 1073 987 1146 DE
1022 1073 1207 1148 BEATA
1237 1075 1433 1148 MARlA.

919 1288 1002 1351 Alto
1017 1219 1158 1352 consilio

918 1385 1042 1448 Divina
1059 1385 1143 1448 ratio

917 1491 1105 1545 restaurans
1120 1482 1301 1560 hominem,

919 1579 1077 1643 Immittit
1092 1580 1232 1644 caelitus

917 1677 982 1738 vim
1003 1675 1117 1740 Sancti
1136 1675 1280 1760 Spiritus

700 1793 766 1856 qua
783 1773 896 1855 replet,
911 1793 977 1856 qua
994 1773 1107 1855 replet,
1123 1795 1191 1857 qua
1206 1774 1311 1856 replet
1329 1775 1515 1855 Virginem.

811 1870 929 1932 Pectus
945 1869 1129 1949 virgineum
1145 1869 1239 1933 caelo
1255 1871 1409 1951 capacius

810 1977 918 2030 totum
936 1975 968 2028 et
986 1966 1151 2046 integrum
1169 1966 1294 2030 claudit
1312 1968 1449 2030 interius

616 2065 714 2127 Illum
733 2065 789 2146 qui
809 2065 901 2126 Deus
917 2073 977 2136 est,
995 2064 1087 2126 Deus
1104 2073 1163 2140 est,
1182 2064 1274 2126 Deus
1291 2075 1350 2141 est,
1367 2075 1400 2127 et
1419 2065 1481 2127 Dei
1501 2065 1613 2127 Filius.

1107 2185 1125 2230 2

832 2255 997 2320 Visitatur
1013 2255 1092 2319 sede
1107 2257 1150 2318 de
1166 2276 1285 2338 supera

832 2352 1015 2433 Babylonis
1032 2349 1099 2414 lilia
1116 2353 1244 2424 misera,

832 2467 973 2529 persona
991 2445 1065 2508 Filii
1083 2447 1192 2524 missa,
1209 2467 1275 2510 non
1293 2448 1397 2512 altera
1412 2472 1419 2527 ;

830 2542 921 2604 venit
939 2543 1041 2618 IesuS,
1058 2552 1170 2606 nostra
1186 2543 1321 2608 laetitia.

833 2638 985 2700 Moratus
1001 2645 1052 2700 est
1068 2637 1165 2702 fletus
1181 2641 1223 2702 ad
1241 2659 1415 2722 vesperum
1432 2666 1438 2704 :

833 2733 1036 2796 matutinum
1054 2743 1132 2797 ante
1148 2733 1329 2812 lucilerum,

830 2828 994 2893 castitatis
1010 2849 1161 2912 egressus
1177 2839 1306 2894 uterum

831 2932 964 2987 nostrae
979 2925 1087 2988 carnis
1104 2926 1246 3008 sumpsit
1263 2927 1424 2990 mortalia.

681 3126 779 3190 Nube
797 3126 914 3201 carnis,
931 3047 1303 3190 maiestatis3occultans
1321 3128 1517 3208 potentiam,

678 3231 885 3303 pugnaturus
901 3229 1104 3284 armaturam
1123 3241 1188 3284 non
1206 3223 1348 3284 assumit
1366 3223 1501 3304 regiam,

678 3317 735 3379 sed
753 3317 942 3397 praetendit
958 3315 1094 3378 inimico
1111 3315 1287 3379 mortalem
1305 3316 1537 3383 substantiam.

680 3411 779 3492 Capit
797 3411 889 3472 Deus
906 3410 1093 3491 temporale
1108 3409 1266 3474 nascendi
1284 3413 1495 3494 principium,

679 3516 711 3566 et
729 3505 864 3585 pudoris
881 3523 947 3568 non
965 3505 1090 3567 amittit
1106 3505 1212 3586 Virgo
1229 3507 1450 3588 privilegium,

680 3620 750 3674 nec,
769 3609 846 3680 post
862 3609 1004 3680 parturn,
1020 3600 1183 3663 castitatis
1199 3603 1392 3666 emarcescit
1409 3601 1523 3667 lilium.

877 3807 985 3872 Ardet
1002 3731 1185 3885 rubuslsed
1203 3811 1331 3872 ardenti

877 3925 942 3969 non
961 3915 1058 3970 nocet
1074 3907 1122 3968 vis
1139 3905 1314 3984 elementi;

920 4001 1056 4066 flamma
1072 4003 1153 4066 nihil
1169 4004 1329 4068 destruit:

877 4099 942 4176 Sic,
959 4100 1099 4182 Virgine
1115 4101 1272 4182 pariente,

877 4205 973 4277 partu
991 4196 1071 4258 nihil
1089 4196 1281 4260 destruente

920 4293 1105 4374 Virginitas
1122 4293 1239 4357 floruit.

792 4503 939 4568 Solvitur
956 4503 1114 4568 Abrahae
1130 4524 1202 4566 sera
1218 4505 1403 4587 promissio

791 4601 857 4664 iarn
874 4601 941 4664 fere
957 4603 1079 4666 saeculi
1095 4603 1234 4666 decurso
1250 4603 1381 4685 spatio:

756 4782 758 4786 Ι
790 4698 885 4761 nobis
901 4699 1031 4764 locutus
1048 4709 1097 4764 est
1115 4699 1208 4763 Deus
1224 4699 1256 4762 in
1276 4700 1382 4780 Filio;

789 4795 928 4860 Cumaei
944 4798 1099 4862 carminis
1115 4796 1303 4878 completur
1318 4797 1428 4862 littera
1444 4823 1450 4861 :

785 4897 801 4923 “
819 4891 896 4954 Rex
913 4892 937 4970 ”‚
954 4894 1070 4977 inquit,
1085 4901 1102 4929 “
1118 4895 1228 4959 veniet
1244 4894 1323 4958 sede
1338 4895 1381 4960 de
1397 4915 1516 4978 supera

787 4988 854 5072 Qui
871 5011 1028 5073 praesens
1044 4994 1217 5059 hominum
1235 4991 1360 5060 iudicet
1374 5013 1483 5078 opera
1496 4993 1513 5022 ''
