4102 5792
646 511 788 560 PROSAE
816 513 1020 564 ECCLESIAE
1048 513 1289 565 REDONENSIS
1528 515 1601 586 459

652 701 667 768 5

433 796 515 860 Fide
531 794 666 858 vincunt
682 798 804 874 omnia,

390 891 454 956 fide
471 891 572 955 fortes
589 891 756 972 exquisita

431 987 578 1070 perpessi
596 987 768 1068 supplicia,

431 1084 518 1146 Mira
536 1081 658 1146 Christi
676 1079 783 1164 gratia

386 1180 450 1242 iam
469 1179 500 1240 in
519 1177 620 1240 caelis
636 1177 765 1242 infinita

427 1273 640 1357 perfruuntur
655 1273 771 1356 gloria.

387 1462 463 1546 Quo
480 1483 540 1526 nec
557 1462 665 1526 luctus
682 1482 789 1546 neque
805 1463 931 1528 clamor

431 1577 491 1622 nec
508 1557 574 1621 ulla
591 1558 753 1634 molestia,

389 1653 455 1718 Sed
472 1674 541 1736 pax
558 1673 644 1730 vera,
659 1674 754 1717 verus
770 1673 873 1729 amor,

430 1769 574 1832 veraque
589 1749 775 1813 concordia.

647 1859 665 1924 7

385 1938 462 2022 Quo
478 1939 621 2002 illustrat
636 1941 839 2022 sempiterna

428 2034 492 2098 Dei
511 2034 694 2116 Sapientia,

386 2129 537 2214 Quorum
555 2128 684 2211 fulgent
700 2129 860 2196 hodierna

430 2236 613 2308 martyrum
630 2226 813 2292 sollemnia.

1280 693 1299 754 8

1062 797 1173 880 Quam
1191 797 1271 862 felix
1289 799 1447 874 conditio,

1062 911 1161 975 quam
1179 894 1278 956 beata
1295 893 1462 976 praemia3

1064 987 1196 1054 Sanctis
1213 1009 1272 1070 pro
1289 989 1409 1052 exsilio

1061 1085 1190 1150 reddita
1207 1095 1256 1150 est
1273 1087 1389 1168 patria.

1277 1247 1299 1308 9

1057 1366 1179 1448 Dignis
1195 1385 1276 1448 ergo
1292 1364 1445 1428 laudibus

1059 1461 1179 1545 psallat
1196 1460 1277 1524 haec
1293 1459 1430 1536 familia,

1061 1557 1184 1622 Christi
1202 1555 1234 1619 in
1252 1555 1453 1637 martyribus

1059 1653 1259 1734 depromens
1276 1647 1453 1732 magnalia.

1267 1815 1306 1862 10

974 1907 978 1915 ⁵
1057 1936 1152 2020 Quos
1164 1935 1206 1999 de
1224 1937 1339 1999 mundi
1356 1935 1495 2000 abstulit

1058 2033 1241 2118 praesentis
1256 2032 1424 2114 angustia,

1058 2129 1188 2212 Quibus
1205 2125 1317 2209 ampla
1333 2127 1474 2192 contulit

1058 2223 1203 2310 paradisi
1219 2223 1350 2306 gaudia.

711 2441 807 2524 Quae
823 2463 883 2506 nos
899 2443 1001 2525 digne
1016 2442 1196 2524 promereri

753 2549 943 2602 sanctorum
960 2537 1128 2620 suffragia,

710 2633 825 2715 Atque
841 2655 952 2696 secum
970 2634 1137 2697 confoveri

751 2731 832 2794 dent
848 2729 972 2794 Christi
988 2730 1184 2812 praesentia.

446 2939 527 3029 328.
562 2937 636 3008 DE
669 2937 785 3011 VNO
815 2935 1186 3012 CONFESSORE
1221 2933 1504 3007 EPISCOPO.

650 3111 660 3156 1

386 3196 442 3259 Ad
459 3197 620 3262 honorem
639 3197 821 3262 Salvatoris

385 3291 499 3355 laudes
516 3293 613 3356 huius
630 3293 828 3358 confessoris

425 3398 538 3451 nostra
556 3399 687 3469 promat
703 3391 829 3466 concio,

382 3481 485 3546 Cuius
502 3503 610 3546 mores
626 3493 659 3546 et
676 3504 845 3547 sermones

382 3576 492 3658 plures
509 3577 615 3643 fecere
630 3580 754 3644 tirones

426 3674 459 3736 in
478 3675 542 3738 Dei
559 3675 702 3740 servitio.

643 3796 661 3841 2

428 3872 494 3937 Hic
510 3893 585 3937 cum
599 3874 695 3939 hoste
711 3875 831 3957 triplici

424 3989 603 4052 congressu
621 3970 796 4054 multiplici

424 4084 502 4130 usus
518 4074 568 4130 est
585 4067 741 4144 remedio,

426 4161 514 4224 Nam
532 4182 664 4226 carnem
683 4163 800 4226 inediis

425 4255 567 4319 domans
583 4266 615 4320 et
632 4257 752 4339 vigiliis

427 4353 504 4418 vicit
521 4362 554 4416 et
571 4353 702 4417 ieiunio

379 4559 544 4622 Mundum
562 4561 688 4642 sprevit
709 4560 878 4642 fugiendo

377 4675 520 4738 pompas
537 4656 606 4720 eius
623 4659 872 4721 contemnendo

419 4771 495 4815 cum
513 4752 581 4815 suis
597 4751 769 4830 illecebris,

1015 3094 1273 3173 Daemonesque
1290 3087 1470 3153 ieiunando

1014 3187 1175 3270 effugavit
1191 3197 1224 3250 et
1240 3186 1369 3249 orando

1059 3283 1166 3347 factus
1183 3283 1260 3345 inde
1275 3279 1423 3344 celebris.

1273 3428 1295 3488 4

1016 3537 1049 3598 ls
1064 3553 1201 3618 operum
1218 3539 1396 3595 exsecutor

1013 3645 1264 3712 pauperumque
1280 3626 1454 3688 miserator

1056 3725 1130 3807 pius
1147 3723 1209 3785 fuit
1226 3720 1367 3797 baiulus,

1013 3817 1237 3882 Moerentium
1254 3813 1444 3878 consolator

1013 3924 1045 3978 et
1062 3913 1255 3977 claudorum
1273 3917 1487 3986 sustentator,

1055 4010 1162 4074 caecis
1178 4007 1241 4070 fuit
1257 4005 1379 4070 oculus.

1276 4157 1291 4223 5

1013 4271 1133 4345 Huius,
1151 4283 1353 4352 quaesumus
1370 4263 1505 4340 meritis,

1010 4369 1119 4431 Tuam
1141 4363 1237 4426 nobis
1254 4358 1436 4432 immeritis,

1011 4465 1098 4527 bone
1116 4463 1201 4537 lesu,
1217 4459 1260 4520 da
1277 4456 1430 4538 gratiam,

1012 4559 1056 4623 Et
1072 4580 1158 4642 quae
1174 4559 1252 4622 Tibi
1268 4568 1346 4621 sunt
1363 4557 1485 4640 placita

1009 4655 1164 4719 faciendo
1181 4675 1238 4736 per
1255 4657 1374 4718 merita

1008 4753 1117 4816 Tuam
1136 4750 1231 4813 nobis
1248 4751 1291 4814 da
1307 4750 1457 4834 gloriam.

372 4917 423 4969 4a
454 4905 509 4958 His
522 4919 640 4974 operum
660 4903 881 4972 Redonen.1492.
916 4907 955 4960 La
971 4905 1054 4960 faute
1075 4914 1118 4958 est
1139 4901 1266 4970 corrigee
1285 4902 1359 4958 dans
1378 4903 1596 4972 Redonen.1500

373 4989 422 5054 sd
455 4987 495 5042 Ut
508 4987 646 5042 Redonen.
