4102 5792
419 549 561 599 mosne
589 551 794 602 accensure
821 550 1039 601 sconumn
1075 545 1386 600 coueauoueusrs
1467 529 1540 615 463

308 730 336 792 6.
362 727 454 809 Ergo
470 745 537 789 non
554 735 685 792 tantam
702 728 870 810 talemque
886 727 974 790 viam
991 731 1085 810 sequi
1102 729 1225 812 pigeat,

309 841 337 906 7.
362 823 456 908 Quos
473 823 570 887 huius
587 833 726 908 captant
742 825 826 888 vasti
843 833 987 907 quatuor
1002 826 1092 889 orbis
1107 825 1252 889 climata.

309 960 337 1022 8.
362 957 416 1033 Et,
431 956 626 1020 conculcata
642 958 735 1022 omni
752 957 909 1040 nequitia,
926 957 1131 1038 propellatur
1150 977 1253 1039 prava
1274 965 1386 1020 mente
1412 955 1543 1020 luxuria

416 1051 508 1115 omni
524 1072 601 1116 curn
619 1053 791 1136 nequitia;

308 1166 336 1227 9.
362 1147 407 1212 Et
422 1149 523 1210 corda
539 1156 661 1225 nostra,
686 1149 808 1211 livione
835 1147 983 1228 dempta,
1011 1147 1089 1228 Ipso
1114 1156 1310 1230 protegente
1332 1145 1413 1210 fides
1439 1148 1544 1228 possi-

417 1245 504 1320 deat,
519 1263 596 1326 spes
612 1244 711 1308 simul
727 1254 761 1308 et
777 1245 906 1307 caritas.

293 1389 337 1437 10.
362 1373 457 1436 Haec
474 1374 570 1437 nobis
586 1355 778 1438 sanctorum
796 1374 886 1437 dona
901 1373 1054 1436 obtineat
1075 1373 1182 1449 turba,

293 1486 330 1533 10
343 1491 371 1533 a.
397 1469 493 1552 Quae
508 1490 651 1534 vernans
668 1473 790 1533 virtute
806 1471 861 1552 pia
877 1469 1019 1532 florescit
1037 1480 1072 1532 ut
1089 1468 1210 1552 palma,

293 1582 337 1628 r1.
360 1565 413 1628 Ac
430 1565 520 1628 velut
535 1567 653 1628 cedrus
668 1566 811 1648 egregia,
827 1565 916 1628 celsa
932 1575 1120 1646 penetrans,

292 1680 324 1726 11
341 1684 369 1728 a.
392 1663 561 1726 Aeternae
583 1684 739 1728 mansura
755 1664 904 1745 possidet
921 1663 1009 1726 vitae
1025 1664 1175 1745 praemia

293 1791 696 1874 mfflfflmfflm‚

294 1905 337 1969 13.
363 1887 459 1970 Quae
477 1889 572 1951 nobis
589 1889 753 1952 concedat
771 1887 896 1953 Sancta
912 1889 1060 1951 Trinitas
1076 1896 1110 1951 et
1127 1887 1261 1966 Unitas,

294 2001 338 2064 14.
362 1983 424 2050 Cui
441 1985 484 2047 sit
501 1983 581 2062 laus,
598 1985 713 2061 honor,
729 1994 762 2048 et
778 1984 884 2066 gloria
900 1985 1080 2067 conspicua
1096 2004 1155 2066 per
1171 1993 1323 2065 tempora
1340 1995 1470 2047 cuncta.

323 2156 532 2206 Manuscrlts.
547 2152 642 2206 Pnurs
655 2171 661 2206 :
682 2151 754 2207 Bibl.
766 2154 842 2220 Nat,
856 2165 948 2221 13252‚
959 2151 1096 2222 Tropaire
1105 2152 1141 2206 de
1152 2151 1389 2221 Saint-Magloire
1402 2150 1444 2219 (i),
1457 2152 1544 2220 Paris,

299 2230 347 2284 xiie
356 2231 448 2297 siecle,
460 2231 514 2296 M,·
544 2231 635 2299 168z3‚
649 2232 747 2287 Missei
761 2233 797 2286 de
817 2233 1062 2301 Saint·Corneille,
1081 2232 1141 2286 xiiie
1150 2231 1244 2300 siecle,
1266 2233 1311 2296 0,·
1345 2232 1438 2300 17318,
1455 2232 1544 2300 idern,

291 2311 617 2380 l>;173r9‚1dem,Q‚·
667 2326 760 2380 17321,
784 2311 874 2380 Idem,
895 2313 938 2376 R,·
979 2325 1071 2382 17329,
1095 2313 1219 2367 Graduel
1238 2312 1274 2366 de
1298 2312 1543 2379 saint-Corneille,

289 2390 348 2444 xiii‘
356 2391 451 2460 siecle,
465 2393 489 2444 S
493 2411 509 2456 ,·
540 2391 633 2459 16828,
649 2392 739 2460 Idem,
758 2392 789 2446 T.

324 2544 340 2582 2
359 2529 450 2600 prosis
464 2539 598 2584 neumata
615 2529 645 2584 T.

325 2624 340 2677 3
359 2619 523 2664 sanctorum
537 2610 620 2664 turba
632 2611 676 2664 M.

324 2704 342 2756 4
361 2689 496 2758 scripturn
510 2699 633 2744 testante
651 2689 683 2744 T.

325 2769 340 2822 8
359 2786 447 2838 parva
459 2780 555 2823 mente
569 2769 611 2822 M.

324 2863 341 2917 9
362 2849 402 2902 Ut
416 2848 503 2904 corda
517 2849 550 2902 lt.
582 2865 616 2902 ac
629 2848 733 2902 caritas
749 2848 791 2903 M.

312 2943 342 2982 10
359 2945 482 2999 manque
494 2929 566 2983 dans
580 2929 623 2983 M.
633 2929 665 2982 P.
678 2930 712 2984 [ι’.

311 3022 340 3061 12
361 3008 436 3063 Celsi
450 3009 553 3064 throno
567 3008 600 3062 R.

311 3101 342 3152 14
359 3087 449 3158 gloria
461 3086 611 3158 perspicua
624 3088 655 3142 S.

416 3376 498 3447 330.
531 3352 607 3426 ne
636 3353 673 3428 s.
700 3351 969 3428 rounuus
1003 3353 1417 3428 Evnuonms‘rn.

598 3599 609 3644 ¹
1224 3601 1241 3665 3

464 3721 545 3785 Dies
562 3722 625 3785 ista
1095 3722 1203 3786 Amor
1221 3721 1336 3800 Prolis,

462 3837 547 3900 quae
563 3827 694 3882 sacrata
1093 3827 1183 3882 tutor
1200 3819 1319 3882 Matris

376 3914 530 3996 producit
546 3913 731 3993 sollemnia,
1007 3913 1100 3980 Caeli
1117 3935 1257 3996 praepes
1275 3913 1397 3998 aquila,

462 4012 522 4076 dat
539 4011 660 4088 mirari,
1097 4010 1185 4073 nube
1203 4010 1308 4075 Verbi
1368 4025 1369 4028 ’

463 4110 522 4173 dat
539 4108 655 4173 laetari
1090 4117 1188 4171 tonat
1203 4107 1276 4171 orbi

377 4206 419 4270 de
437 4206 597 4271 Iohannis
613 4205 729 4290 gloria.
1006 4203 1252 4286 Scripturarum
1270 4203 1419 4270 flumina.

597 4359 615 4404 ²
1225 4358 1246 4417 4

466 4477 532 4541 Hic
549 4476 673 4542 electus
1099 4475 1164 4538 Hic
1183 4475 1332 4557 magistri

464 4585 497 4638 et
513 4573 654 4638 dilectus
1097 4573 1146 4634 sui
1165 4570 1288 4635 Christi

379 4673 442 4736 Dei
459 4672 664 4749 secretarius,
1008 4670 1180 4734 aemulans
1197 4669 1347 4750 vestigia,

466 4771 528 4835 Est
545 4769 706 4852 probatus
1097 4767 1142 4832 Se
1158 4766 1292 4830 devovit

464 4878 497 4930 et
512 4874 652 4930 vocatus
1095 4873 1129 4927 et
1146 4863 1287 4926 removit

379 4966 513 5030 tonitrui
531 4963 625 5026 iilius.
1009 4983 1029 5026 a
1045 4965 1124 5028 dote
1140 4961 1269 5026 uxoria.
