4108 5794
476 533 550 606 300
782 535 924 586 PROSAE
954 535 1157 588 ECCLESIAE
1185 535 1440 588 BELVACENSIS

477 714 527 777 86.
552 713 605 777 De
622 712 655 778 S.
667 712 820 777 Antonio
832 714 1031 792 consessore,
1045 714 1168 780 Prosa:
1201 713 1370 779 Antonius
1381 713 1525 779 humilis.
1545 763 1669 780 .........
1696 717 1738 780 26

479 812 528 891 87.
554 811 607 873 De
623 810 823 873 Beatissima
841 810 988 874 Barbara
1005 811 1133 893 virgine
1149 820 1183 875 et
1199 821 1353 893 martyre,
1371 812 1493 876 Prosa:
1526 813 1626 896 Virgo
1638 811 1739 890 mitis,

607 928 767 988 generosa.
784 955 1649 974 ............................................................
1680 910 1739 987 148

481 1004 531 1066 88.
557 1002 596 1065 In
615 1003 720 1066 Missa
738 1005 780 1066 ad
797 1003 960 1066 honorem
977 1003 1127 1085 Virginis
1143 1002 1318 1085 gloriosae,
1343 1023 1404 1084 pro
1427 1003 1621 1068 mulieribus
1646 1024 1741 1088 prae-

611 1100 803 1181 gnantibus,
819 1110 877 1164 aut
894 1099 976 1163 alias
993 1101 1026 1164 in
1044 1110 1141 1182 partu
1159 1100 1400 1176 laborantibus,
1417 1101 1539 1164 Prosa:
1578 1093 1742 1167 Oalrcilla

614 1195 748 1260 Christi.
763 1245 1673 1262 ...............................................................
1703 1210 1739 1278 55

483 1295 533 1371 89.
558 1292 611 1354 De
624 1293 661 1356 B.
672 1293 780 1356 Maria
793 1293 943 1376 Virgine,
955 1295 1072 1357 Prosa:
1088 1292 1268 1356 Benedicta
1278 1293 1480 1357 escaelorum
1491 1295 1614 1376 regina.
1625 1293 1743 1358 K.201.

482 1405 533 1468 90.
1006 1439 1022 1468 „
1101 1389 1189 1467 Veni,
1209 1389 1309 1472 Virgo
1325 1390 1505 1472 virginum.
1541 1391 1661 1455 K.281.

483 1502 535 1564 91.
668 1535 684 1562 „
860 1537 878 1564 „
1009 1535 1025 1563 ,‚
1096 1485 1232 1548 Mariae
1240 1486 1420 1567 praeconio.
1455 1487 1497 1550 K.
1505 1503 1575 1566 312.

484 1598 536 1662 92.
669 1630 685 1657 ‚,
861 1633 877 1658 „
1013 1631 1030 1658 „
1100 1581 1215 1644 Mittit
1229 1581 1278 1644 ad
1303 1581 1482 1664 Virginem.
1516 1583 1632 1664 K.199.

485 1695 537 1758 93.
670 1727 685 1754 „
861 1727 878 1754 „
1009 1727 1025 1754 ‚,
1096 1677 1298 1740 Mirandum
1312 1678 1546 1742 commercium.
1580 1679 1701 1758 K.274.

486 1791 537 1854 94.
563 1772 828 1931 DeKNativitate
850 1774 887 1836 B.
902 1773 1039 1850 Mariae,
1062 1774 1184 1837 Prosa:
1221 1773 1303 1850 Ave,
1324 1775 1499 1856 praeclara
1526 1775 1632 1838 maris
1651 1773 1745 1837 stella

658 1884 689 1931 .2
695 1882 744 1948 54.

723 2233 802 2302 195.
836 2211 910 2282 os
941 2209 1165 2284 sancio
1195 2209 1516 2286 STEPHANO.

519 2496 546 2544 1.
570 2479 634 2542 Eia
650 2499 719 2542 vox
735 2477 825 2541 clara
842 2479 984 2562 [nostra]
1001 2488 1180 2560 concrepet
1195 2479 1328 2560 gaudia,
1345 2478 1522 2542 modulans
1538 2501 1673 2562 organa,

516 2593 543 2639 2.
571 2577 708 2639 Etcum
725 2576 915 2658 pneumatis
931 2597 1012 2638 aura
1029 2575 1213 2639 Dominum
1237 2596 1386 2638 consona
1406 2577 1602 2659 praecinant
1619 2577 1751 2641 lamina.

517 2727 544 2790 3.
570 2711 760 2774 Mirabilem
778 2711 970 2793 praedicare
986 2712 1077 2775 iuvat
1094 2713 1126 2774 in
1144 2713 1276 2788 sanetis
1293 2711 1365 2790 eia;

516 2825 545 2885 4.
569 2805 636 2888 Qui
654 2805 864 2888 Stephanum
882 2807 1008 2890 gloriae
1024 2827 1147 2870 corona
1163 2808 1271 2870 induit
1287 2807 1386 2884 alma,

520 2959 546 3025 5.
570 2943 674 3009 Cuius
690 2963 784 3006 sacra
800 2943 895 3026 plebs
911 2943 1057 3008 celebrat
1074 2942 1168 3022 festa,
1194 2953 1295 3025 atque
1318 2944 1492 3007 levitarum
1510 2953 1621 3007 turma
1636 2943 1751 3008 dulces

627 3040 777 3123 geminat
794 3041 885 3125 odas.

518 3139 547 3201 6.
571 3135 603 3201 O
621 3137 747 3214 merita,
764 3136 795 3201 O
812 3137 871 3198 viri
889 3156 983 3200 mens
1000 3143 1126 3212 sancta,
1142 3134 1224 3198 caeli
1240 3145 1421 3219 patuerunt
1434 3157 1537 3220 regna
1549 3138 1602 3202 eui
1621 3137 1754 3221 penitus

629 3232 750 3316 ampla

423 3375 424 3378 ’
521 3385 548 3450 7.
573 3368 686 3444 Unde,
700 3377 880 3450 conspecta
897 3366 1002 3448 gloria
1018 3387 1171 3449 superna,
1187 3387 1269 3430 mox
1286 3367 1373 3431 satur
1389 3368 1469 3432 talia
1488 3393 1495 3431 :

520 3469 548 3530 8.
572 3469 587 3497 ‘¹
606 3465 657 3528 En
677 3465 771 3528 Iesus
786 3465 898 3527 adstat
914 3464 1126 3541 humanatus
1142 3464 1231 3527 alma
1251 3467 1284 3528 in
1303 3466 1410 3528 Patris
1426 3467 1576 3528 dextera.
1588 3463 1604 3495 '’

520 3619 550 3682 9.
574 3599 665 3665 Gens
683 3599 808 3663 Iudaea
825 3601 882 3662 sed
900 3599 972 3662 face
989 3599 1136 3681 maligna
1149 3599 1278 3663 fervens
1292 3601 1325 3662 in
1338 3600 1483 3676 levitam,
1496 3609 1627 3662 torvum
1642 3607 1758 3662 contra

632 3696 775 3759 insonat.

504 3811 550 3858 10.
575 3793 620 3857 Et
644 3813 748 3856 saxea
772 3811 858 3874 quae
885 3791 1023 3875 gerebat
1051 3793 1151 3856 eorda
1176 3801 1296 3855 testem
1323 3791 1519 3874 lapidabant
1547 3791 1673 3856 fantem
1692 3789 1756 3854 Dei

631 3889 782 3972 gloriam.
1378 3897 1379 3900 ’

505 4044 551 4091 11.
576 4026 643 4091 Sed
657 4047 717 4108 pro
727 4027 826 4108 culpa
837 4035 982 4102 sontum,
992 4024 1213 4106 supplicabat,
1224 4025 1332 4088 flexus
1344 4032 1596 4106 genua,martyr
1607 4033 1759 4103 econtra,

508 4141 554 4187 12.
579 4123 710 4205 Sieque,
723 4143 822 4186 saeva
839 4124 947 4186 carnis
964 4143 1022 4204 per
1039 4132 1217 4199 tormenta,
1234 4123 1304 4185 eius
1320 4123 1433 4185 anima
1450 4131 1602 4205 penetrat
1619 4130 1715 4184 astra.

509 4289 554 4353 13.
580 4271 652 4334 Nos
667 4291 801 4353 quoque
817 4288 898 4332 voce
914 4289 1036 4334 canora
1053 4273 1231 4352 pangimus
1248 4292 1341 4334 sacra
1357 4271 1528 4353 trophaea,
1564 4280 1566 4284 '

508 4387 553 4448 14.
580 4369 747 4451 Rogando
765 4377 809 4444 ut,
827 4366 967 4444 Christe,
983 4387 1085 4449 regna
1103 4388 1226 4430 reseres
1244 4368 1339 4431 nobis
1356 4367 1488 4442 caelica,

510 4519 556 4586 15.
581 4503 743 4588 Stephani
760 4524 819 4586 per
836 4503 961 4567 merita.

543 4711 551 4749 1
574 4705 671 4749 nostra
684 4711 807 4764 manque
819 4695 891 4748 dans
907 4695 1053 4748 Belvacm.
1087 4696 1139 4750 Est
1152 4695 1313 4750 neeessaire
1326 4713 1362 4750 au
1375 4695 1496 4764 rythme.

524 4792 552 4836 11
574 4787 718 4852 sumptum
727 4775 904 4853 supplicabat
915 4775 1170 4854 Belvacen.,n’offre
1180 4794 1356 4860 aucunsens,
1378 4774 1762 4852 Nouscorrigeonssorrtum,
