4102 5792
559 491 700 546 PROSAE
728 493 931 544 ECCLESIAE
959 493 1229 547 NANNETENSIS

366 733 368 742 .
467 689 550 762 355·
575 669 658 743 os
689 670 1022 746 sstounuus
1055 673 1341 748 Bnurrsrn.
1477 697 1480 706 ·

901 899 912 944 1

451 991 576 1057 Psallat
592 993 712 1059 chorus
728 993 961 1074 laetabundus,
976 1016 1058 1060 voce
1073 1015 1149 1060 cum
1167 996 1334 1072 melliflua,

451 1087 557 1153 Vocis
573 1090 656 1153 odas
672 1089 892 1154 declamantis
908 1101 1004 1168 antra
1020 1111 1080 1174 per
1096 1092 1270 1168 heremica,

897 1227 917 1274 2
964 1244 966 1248 Ι
1116 1289 1118 1294 .

451 1319 584 1400 Quibus
601 1329 695 1385 tener
711 1321 864 1400 latitavit,
880 1324 969 1388 urbis
986 1325 1096 1388 vitans
1113 1325 1248 1402 lubrica,

453 1416 505 1478 Ne
521 1415 573 1479 vel
589 1437 737 1500 unquam
755 1439 793 1482 os
809 1417 896 1482 illius
912 1419 1013 1483 verba
1030 1421 1125 1484 daret
1140 1441 1245 1485 vacua
1262 1443 1269 1499 ;

898 1553 915 1617 3

453 1645 503 1708 Ibi
521 1665 613 1710 sacer
628 1645 683 1710 ille
700 1649 786 1711 vixit
803 1649 885 1712 mira
902 1651 1117 1731 parcimonia,

450 1742 484 1806 A
500 1763 568 1824 quo
584 1743 681 1825 panis
698 1742 799 1826 longe
814 1741 885 1821 luit,
901 1745 1015 1808 vinum
1032 1753 1134 1828 atque
1150 1749 1255 1811 sicera
1270 1769 1277 1826 ;

452 1976 578 2040 Parvus
595 1987 665 2040 erat
683 1976 838 2040 illicibus
856 1885 963 2040 mellis
979 1979 1163 2057 arundinei,

452 2073 554 2156 Aqua
570 2073 659 2138 sitim
678 2071 856 2156 mitigabat
873 2074 951 2156 ripis
968 2074 1000 2137 in
1020 2075 1203 2138 Iordanicis
1220 2097 1227 2151 ;

900 2209 916 2275 5

453 2307 587 2370 Pannus
604 2327 702 2389 asper
719 2307 869 2370 membra
885 2309 972 2370 texit
989 2307 1172 2390 voluptatis
1190 2309 1301 2372 nescia
1322 2328 1329 2386 ;

454 2400 533 2464 Pilis
549 2402 752 2466 camelorum
770 2411 887 2478 tectus,
903 2423 987 2466 zona
1002 2403 1131 2467 cinctus
1148 2404 1253 2479 lanea,

899 2523 920 2586 6

454 2641 523 2704 Iste
539 2639 671 2703 vatibus
688 2639 809 2703 divinis
824 2639 953 2704 cunctis
969 2640 1195 2717 excellentior,

454 2735 570 2819 Atque
588 2735 772 2800 Salvatoris
789 2735 893 2799 nostri
910 2755 1030 2818 praeco
1048 2735 1275 2815 manifestior3

899 2863 918 2928 7

452 2961 541 3024 Nam
559 2979 658 3043 quem
676 2959 778 3044 longo
794 2961 1035 3043 prophetarant
1051 2961 1097 3025 illi
1114 2962 1281 3038 vaticinio,

454 3055 520 3119 Hic
536 3057 666 3118 venisse
682 3055 748 3119 iam
765 3065 907 3120 testatus
923 3055 1167 3121 demonstravit
1182 3057 1299 3138 digito.

897 3173 916 3234 8

454 3277 559 3340 Istum
577 3285 730 3339 sanctum
748 3295 847 3358 super
861 3295 978 3339 ornnes
996 3277 1089 3340 Deus
1106 3275 1311 3353 honorificat,

451 3371 600 3434 Trinitas
615 3372 667 3434 cui
685 3370 745 3434 soli
764 3371 879 3436 Semet
896 3371 1014 3453 pandit
1031 3380 1065 3435 et
1081 3371 1258 3436 clarificat:
1313 3458 1318 3464 ι

898 3511 920 3572 9

454 3613 580 3676 Natum
598 3611 696 3688 lavat,
714 3612 845 3675 Patrem
863 3613 966 3689 audit,
983 3611 1213 3696 Spiritumque
1229 3614 1403 3696 conspicit,

453 3707 627 3772 Gloriosus
643 3707 841 3790 cuicumque
857 3708 904 3771 sic
920 3728 956 3772 se
973 3709 1065 3772 Deus
1082 3711 1198 3792 aperit.
1279 3753 1283 3761 ·

890 3843 929 3891 10

455 3947 520 4010 Hic
537 3965 598 4028 pro
615 3944 712 4007 nobis
728 3945 926 4025 deprecetur
942 3944 1136 4009 Creatorem
1153 3944 1297 4022 luminis,

453 4043 502 4107 Ut
519 4040 663 4104 resolvat
681 4049 809 4103 mentes
826 4049 957 4104 nostras
973 4039 1065 4103 omni
1082 4059 1171 4103 nexu
1189 4041 1345 4119 criminis,

787 4175 926 4235 ,11

454 4276 499 4340 Et
515 4275 547 4338 in
566 4271 630 4337 fine
647 4293 708 4336 nos
724 4273 893 4338 adscribat
909 4272 1032 4336 summi
1048 4280 1145 4354 porta
1163 4271 1327 4352 culminis,
1501 4243 1509 4268 ,

342 4389 346 4398 ·
455 4372 499 4436 Et
514 4371 647 4453 superni
664 4389 725 4434 nos
741 4369 904 4452 adiungat
919 4367 1116 4432 consodales
1132 4368 1283 4451 agminis.

314 4538 523 4590 Manuserlts.
548 4533 661 4585 Parus:
685 4530 758 4585 Bibl.
770 4531 845 4598 Nat,
859 4531 919 4598 872,
936 4529 1035 4584 Missel
1048 4529 1085 4584 de
1094 4527 1223 4598 Poitiers,
1246 4529 1396 4601 xmsiecle,
1409 4531 1458 4597 X,·
1478 4533 1538 4602 873,

280 4615 370 4684 Idem,
390 4615 432 4680 l',·
458 4611 520 4680 906,
535 4611 659 4665 Graduel
670 4611 706 4664 de
718 4611 849 4680 Jacques‚
864 4609 965 4664 batard
978 4610 1015 4664 de
1027 4607 1411 4680 Venddme,xv‘·xvi‘siecle,
1425 4611 1458 4667 Z.
1492 4613 1539 4668 Ll-

279 4706 385 4750 uocas
399 4692 492 4748 :Bibl.
504 4689 540 4745 de
550 4690 714 4758 laVille,17,
725 4689 849 4744 Graduel
858 4689 894 4744 de
903 4689 1031 4759 l’abbaye
1040 4687 1076 4744 de
1088 4687 1347 4758 Fontevrault,{xiv‘
1356 4689 1450 4760 siecle,
1459 4691 1537 4748 LIT.

280 4775 450 4829 Pot‘rtzsss:
471 4771 544 4826 Bibl.
558 4770 636 4824 dela
649 4769 730 4838 Ville,
742 4782 755 4838 5
759 4785 783 4838 3,
795 4771 823 4824 Μ
829 4769 896 4824 issel
909 4769 945 4824 de
959 4767 1088 4837 Poitiers,
1102 4775 1149 4822 uue
1160 4767 1253 4838 siecle,
1267 4769 1328 4826 ΡΟ.
1348 4773 1351 4780 ’

318 4909 367 4960 rb
396 4903 591 4959 declamemus
608 4897 929 4968 Fontriedralden.1534.
961 4899 1155 4954 declamemus
1178 4898 1336 4972 Nanneten.
1368 4899 1541 4960 heremetica

279 4987 315 5043 X.
325 4987 359 5041 Z.
372 4985 434 5041 ΡΟ.
452 4984 673 5050 Turousn.1493,
686 4978 828 5037 contraire
841 4994 878 5034 au
890 4979 1010 5048 rythme
