4096 5794
608 578 749 629 i'ROSAE
781 576 985 628 ECCLESIAE
1009 578 1289 632 CERNELIENSIS
1500 579 1570 656 577

355 878 394 941 In
414 879 601 941 Patroclum
620 879 688 941 vita
706 878 790 940 redit
983 880 1119 943 Palmae
1134 898 1244 944 certus
1261 891 1294 945 et
1310 903 1453 946 coronae

354 984 387 1036 et
404 973 589 1049 Plautillae,
605 973 683 1054 quia
699 972 813 1048 credit,
982 985 1083 1056 caput
1100 975 1197 1039 offert
1213 977 1275 1040 sub
1292 977 1427 1041 Nerone

397 1079 582 1131 reservatur
599 1068 760 1150 maphora
777 1089 783 1144 ;
1024 1080 1154 1152 gratam
1172 1072 1306 1136 Christo
1322 1075 1492 1138 victimam
1511 1098 1517 1152 ;

353 1168 449 1231 Brevi
467 1188 564 1249 prece
580 1167 691 1249 placat
708 1177 834 1243 vent03,
980 1167 1105 1231 Adhuc
1123 1170 1237 1251 lingua
1254 1169 1422 1235 Christum
1441 1186 1540 1237 sonat

352 1283 473 1326 novem
490 1262 597 1326 salvat
614 1273 647 1326 et
664 1272 830 1325 trecentos
977 1274 1009 1325 et
1026 1264 1058 1325 in
1077 1264 1177 1326 caelis
1194 1266 1259 1326 iam
1277 1279 1416 1330 coronat

397 1369 469 1422 tuta
486 1356 548 1420 fert
566 1357 598 1419 in
617 1357 736 1421 littora.
794 1361 797 1368 '
1024 1358 1117 1421 Pauii
1135 1358 1287 1424 Christus
1303 1363 1461 1428 animam.

1236 1481 1274 1528 10

616 1557 635 1618 8
986 1566 1096 1643 Paule,
1113 1567 1206 1631 Sauli
1223 1570 1404 1646 recordare,

984 1683 1022 1724 ac
1040 1663 1072 1725 in
1090 1663 1186 1726 nobis
1202 1665 1429 1748 contemplare

354 1757 487 1837 Dignus
503 1755 597 1819 caelo
613 1755 833 1838 contemplari
1025 1758 1133 1839 qualis
1149 1758 1228 1822 olim
1247 1759 1355 1838 iueriS,

353 1872 439 1935 quae
456 1871 522 1914 non
541 1851 618 1913 licet
635 1851 692 1913 ulii
710 1850 769 1914 sari
1026 1864 1059 1916 et
1075 1873 1228 1916 succurre
1245 1857 1393 1935 miseris;

398 1958 513 2030 raptus
529 1957 579 2010 est
597 1948 638 2009 ad
656 1967 797 2029 supera;
981 1950 1051 2012 Vas
1068 1949 1208 2028 salubre,
1225 1971 1282 2012 vas
1299 1951 1453 2029 electum,

353 2043 578 2125 Apprehensa
594 2062 669 2104 cum
687 2053 866 2120 sarmento,
983 2043 1168 2108 Salvatoris
1185 2046 1216 2107 in
1234 2047 1430 2128 adspectum

354 2140 425 2202 sine
441 2139 549 2203 carnis
565 2139 777 2215 detrimento
1027 2161 1087 2203 nos
1104 2151 1265 2222 purgatos
1281 2143 1444 2223 provehas

398 2254 535 2298 manum
554 2236 684 2297 mordet
702 2235 824 2316 vipera.
1026 2235 1121 2298 sedes
1138 2236 1170 2298 in
1188 2235 1369 2302 aethereae

347 2431 543 2561 Mappscrlt.
566 2427 777 2481 CArfflRlDuu:
798 2426 871 2480 Bibl.
886 2428 921 2482 de
935 2425 1125 2494 l'Universite,
1140 2427 1336 2498 Sequentiaire
1349 2430 1385 2485 de
1399 2431 1498 2500 Cerne,
1509 2449 1572 2487 vers

314 2523 388 2576 1400,
453 2546 459 2560 .

349 2668 366 2721 6
386 2665 490 2721 Fam-il
501 2664 625 2735 corriger
638 2682 644 2718 :
663 2665 898 2734 rrrorr'entcsfiunt
909 2665 999 2718 sani?

451 2986 535 3054 411.
568 2960 626 3034 IN
661 2955 1107 3032 PVRIFICATIONE
1141 2957 1182 3030 B.
1208 2957 1441 3032 MARIAE.

339 3252 362 3297 r.
387 3232 493 3297 Claris
509 3232 646 3296 vocibus
662 3232 789 3314 inclyta
804 3251 887 3295 cane
903 3241 1014 3295 turma
1030 3250 1124 3294 sacra
1141 3230 1366 3293 melodimata.

335 3347 361 3393 2.
385 3330 471 3395 Voci
489 3350 583 3394 mens
599 3329 684 3392 bene
701 3349 849 3393 consona
865 3338 962 3392 sonet
978 3329 1087 3391 verbis
1103 3337 1286 3408 pneumata
1301 3329 1487 3392 concordia.

334 3477 361 3540 3.
386 3460 511 3524 Divina
528 3460 666 3525 robusto
682 3459 895 3524 tetrachorda
912 3459 1040 3541 plectro
1055 3459 1154 3522 docta
1173 3478 1292 3521 manus
1308 3459 1414 3539 perite
1429 3458 1525 3522 seriat
1542 3481 1549 3538 ;

331 3578 360 3638 4
385 3557 540 3622 Resultet
556 3559 716 3622 virtutum
735 3557 788 3639 pie
805 3557 876 3640 lyra
888 3556 963 3618 Deo
973 3575 1097 3618 sonans
1115 3576 1202 3620 nunc
1218 3557 1371 3620 dramata
1387 3557 1570 3623 dulcisona.

336 3705 362 3770 5.
387 3690 449 3753 Est
464 3688 641 3753 harmonia
656 3688 739 3751 haec
755 3687 868 3752 divina
884 3707 1004 3750 sonore
1020 3687 1180 3750 virtutum
1198 3685 1427 3768 liquidissima.

333 3789 362 3850 6.
387 3786 500 3850 Mixta
515 3785 652 3848 castitas
668 3793 717 3847 est
735 3803 817 3866 quas
834 3783 930 3860 intra,
946 3784 978 3845 in
996 3782 1075 3845 sede
1095 3782 1203 3846 locata
1227 3782 1442 3864 mixolydica,

334 3935 361 3998 7.
386 3915 490 3981 Cuius
507 3916 541 3978 in
557 3924 591 3978 te
607 3914 806 3978 consistoria
822 3911 1045 3988 inimitabilia,

335 4019 362 4082 8.
388 4017 484 4101 Quae
501 4025 608 4080 mater
628 4035 664 4078 es
680 4013 841 4077 inviolata
856 4013 1016 4094 virgoque
1038 4031 1207 4094 puerpera.

324 4155 363 4230 ¹9.
390 4149 520 4214 Idcirco
536 4159 595 4212 tua
612 4147 722 4210 Deum
740 4147 830 4210 suere
846 4146 950 4227 digna
965 4143 1049 4207 ferre
1065 4153 1194 4208 sacrata
1209 4145 1344 4224 viscera,

318 4267 363 4314 ro.
388 4247 498 4330 Quem
516 4266 582 4312 non
599 4245 724 4310 caelica
742 4264 850 4327 neque
868 4252 975 4307 terrea
991 4252 1113 4306 cuncta
1133 4242 1294 4308 claudunt
1306 4245 1444 4309 omnino
1458 4247 1577 4328 spatia.

320 4397 365 4444 11.
389 4379 569 4463 Virginum
588 4379 619 4444 Ο
641 4380 781 4461 Regina,
802 4385 836 4440 te
851 4377 1012 4454 canimus,
1030 4376 1147 4454 Maria,
1163 4397 1221 4460 per
1237 4397 1337 4460 quam
1355 4378 1476 4442 fulsere
1488 4379 1576 4444 clara

447 4477 575 4540 mundo
596 4474 731 4539 lumina.

320 4589 365 4636 12.
389 4573 443 4636 Tu
459 4571 549 4636 salus
564 4571 654 4635 orbis
679 4569 777 4647 alma,
802 4578 839 4633 tu
866 4567 948 4632 caeli
974 4577 1071 4653 porta
1094 4568 1191 4648 sacta,
1216 4591 1275 4652 per
1292 4580 1326 4634 te
1350 4571 1484 4635 saeculo
1508 4573 1577 4637 vita

449 4669 541 4732 omni
563 4678 614 4733 est
634 4669 723 4733 data.

320 4818 365 4881 13.
391 4799 535 4866 Caelicis
551 4811 659 4864 terrea
682 4810 719 4864 tu
736 4799 855 4881 iungis,
870 4798 993 4863 divinis
1008 4798 1156 4863 humana
1171 4819 1178 4878 ;

323 4915 368 4976 14
394 4896 607 4962 Paradisiaca
623 4916 681 4978 per
697 4905 731 4959 te
748 4895 844 4959 nobis
860 4904 954 4977 patet
971 4895 1079 4960 ianua.

326 5041 371 5107 15.
395 5027 527 5092 Adesto
544 5025 687 5104 famulis,
702 5025 861 5108 piissima,
883 5025 986 5090 influa
1002 5027 1211 5109 suspendens
1228 5027 1294 5088 iam
1311 5047 1408 5109 prece
1420 5029 1582 5110 pericuia;

381 5193 397 5228 Β
1493 5199 1521 5243 37
