4102 5792
561 527 704 578 PROSAE
731 527 938 579 ECCLESIAE
965 529 1329 584 AVTISSIODORENSIS
1499 534 1572 605 413

373 724 452 796 288.
485 721 660 796 neuin
688 723 904 800 Tenum
936 724 1074 799 posu
1105 680 1535 804 PENTECOSTEN.

628 904 638 950 ¹
1252 904 1267 972 5

414 1007 504 1086 Veni,
521 1007 641 1072 Sancte
658 1003 817 1091 Spiritus,
1122 1011 1358 1096 Supplicemus

405 1124 466 1170 nos
482 1105 644 1188 perfunde
658 1107 795 1172 caelitus
1120 1117 1154 1172 et
1169 1128 1302 1172 oremus

448 1221 520 1266 rore
536 1221 643 1266 novae
658 1204 796 1285 gratiae,
994 1213 1038 1282 ut,
1054 1203 1104 1268 Te
1120 1204 1214 1282 duce,
1230 1204 1333 1270 fortes
1349 1215 1475 1271 stemus

406 1295 531 1379 Culpas
548 1306 680 1361 nostras
695 1297 796 1373 dilue,
1039 1300 1070 1365 in
1088 1320 1170 1383 agro
1186 1302 1357 1385 martyrii;

406 1402 440 1456 et
456 1411 517 1456 nos
535 1411 658 1456 manna
673 1393 829 1476 complue
1124 1397 1374 1464 occumbamus

451 1507 548 1551 verae
564 1489 758 1570 sapientiae.
986 1565 988 1570 Ι
1125 1501 1158 1556 et
1173 1493 1355 1572 vincamus,

455 1587 460 1598 '
626 1627 644 1672 2
713 1637 715 1640 .
995 1587 1176 1651 moriamur
1191 1599 1228 1652 ut
1242 1589 1395 1653 vivamus

411 1727 464 1794 Sis
481 1727 577 1791 nobis
595 1729 778 1792 Paraclitus
1041 1691 1204 1768 tanquam
1220 1685 1458 1751 strenUiSSimi‘

409 1823 596 1888 emundans
613 1823 806 1888 medullitus
1257 1856 1279 1917 6

453 1917 534 1982 lima
549 1919 774 1983 conscientiae
787 1941 795 1998 ;

411 2014 494 2097 Igne
511 2034 572 2078 nos
588 2015 756 2092 examina,
998 1996 1060 2059 Per
1076 1995 1126 2059 Te
1143 1993 1267 2060 Christi
1283 1997 1431 2078 passioni

411 2109 484 2176 luce
500 2131 562 2176 „0⁵
579 2110 731 2175 illumina
997 2091 1244 2156 conformemur
1260 2099 1293 2154 et
1309 2092 1409 2173 agoni

453 2208 576 2289 dignae
592 2206 828 2289 poenitentiae·
1040 2188 1196 2253 instantis
1214 2187 1373 2265 militiae}

999 2285 1060 2348 Per
1075 2285 1126 2349 Te
1143 2282 1277 2348 Christo
1294 2283 1477 2348 militemus

629 2351 646 2415 3
998 2389 1123 2444 etcum
1141 2378 1277 2445 Christo
1294 2378 1490 2444 festinemus

412 2455 542 2519 Munda
558 2455 681 2519 mentis
696 2473 819 2531 ammi
1041 2475 1084 2540 ad
1101 2474 1249 2558 palmam
1267 2473 1434 2540 uictoriae.

414 2549 533 2614 lateres
549 2558 583 2612 et
599 2549 731 2632 paleam

456 2653 490 2710 et
505 2645 612 2712 lutum
634 2645 780 2722 elimina,
1262 2641 1282 2708 7

416 2743 544 2806 Pietate
560 2742 660 2807 ⁵0¹st²
1003 2775 1089 2841 Cum
1106 2773 1151 2836 sis
1167 2774 1267 2837 ardor
1281 2774 1430 2839 caritatis

415 2857 476 2901 1¹0³
490 2836 633 2902 affllCtOS
649 2837 765 2950 Visitffl
806 2932 813 2948 ,
1002 2880 1035 2935 et
1051 2869 1190 2952 largitor
1205 2869 1350 2952 pietatis,

458 2943 572 3000 nostra
588 2932 704 2998 delens
720 2951 869 2998 crimina.
1002 2967 1097 3030 Tuae
1112 2965 1209 3028 nobis
1226 2963 1390 3046 largitatis

630 3071 653 3134 4
1045 3051 1158 3116 confer
1174 3051 1398 3134 participium.

416 3163 496 3230 Sere
511 3184 625 3228 semen
642 3165 780 3248 gratiae,
1003 3149 1031 3212 F
1033 3149 1086 3212 lue
1102 3145 1199 3209 nobis
1215 3165 1320 3228 aquas
1338 3149 1493 3228 mundas,

415 3272 528 3316 semen
546 3251 784 3334 indulgentiae,
1003 3263 1107 3328 aquas
1122 3243 1215 3305 vivas
1231 3251 1264 3305 et
1282 3239 1451 3322 secundas,

417 3347 540 3412 Semen
556 3347 748 3432 patientiae,
1003 3341 1110 3405 iorma
1126 3338 1223 3402 nobis
1240 3347 1369 3402 mentes
1386 3339 1530 3404 mundas

416 3464 530 3510 semen
547 3463 644 3508 verae
659 3442 794 3526 gloriae.
1047 3433 1207 3500 doctrinis
1223 3434 1427 3502 caelestium.

368 3620 384 3674 3
402 3605 493 3677 Apres
505 3607 532 3660 le
545 3605 658 3661 dernier
670 3621 733 3659 vers
747 3604 783 3659 de
795 3612 870 3659 cette
896 3600 1013 3672 strophe
1033 3615 1069 3652 on
1091 3598 1122 3652 lit
1144 3597 1216 3652 daus
1236 3597 1461 3653 Autissiodoren.
1483 3599 1510 3656 le
1529 3615 1593 3656 vers

276 3763 279 3770 Ι
337 3685 448 3742 suivant
460 3685 508 3757 qui
521 3695 614 3756 rompt
628 3685 654 3740 le
666 3685 778 3755 rythme
790 3694 818 3739 et
831 3682 879 3755 qui
892 3691 936 3738 est
949 3679 1047 3736 inutile
1061 3695 1097 3733 au
1112 3693 1196 3732 sens:

773 3792 873 3863 planta
892 3805 1004 3846 morum
1021 3783 1160 3857 genuina.

397 4011 478 4100 289.
512 4007 586 4081 DE
616 4007 655 4082 5.
679 4007 967 4082 GERMANO
996 4002 1532 4080 AVTlSSlODORENSl.

644 4220 655 4266 l
1270 4215 1289 4262 2

381 4304 573 4370 Moduletur
588 4327 658 4370 vox
674 4327 826 4383 amoena,
1010 4305 1229 4371 Odoctrinae
1246 4303 1321 4368 sons
1337 4303 1523 4382 abundans,
1597 4361 1599 4366 ,

380 4425 447 4467 vox
463 4403 583 4481 suavis,
594 4425 663 4468 vox
678 4425 804 4481 serena,
1010 4404 1085 4466 lons
1098 4402 1297 4484 praeclarus,
1310 4401 1385 4466 lons
1397 4402 1598 4480 redundans,

381 4520 449 4564 vox
464 4501 643 4565 devotione
659 4501 759 4584 plena
1009 4501 1122 4582 rigans
1138 4497 1255 4562 hortos
1271 4507 1305 4562 et
1320 4498 1503 4564 secundans

425 4596 583 4662 Germani
600 4601 777 4680 praeconia
791 4622 798 4676 ;
1055 4595 1160 4659 totius
1178 4594 1349 4660 Ecclesiae
1365 4617 1372 4674 ;

386 4695 479 4759 Haec
495 4704 573 4760 sunt
588 4695 678 4760 dona
694 4695 777 4772 Tua,
791 4695 932 4772 Christe,
1014 4694 1046 4760 Ο
1063 4693 1216 4756 miranda
1232 4693 1335 4758 virtus
1350 4694 1500 4758 cunctis:

385 4792 504 4875 quibus
521 4792 652 4874 praesul
668 4802 803 4856 sanctus
820 4793 882 4857 iste
1014 4791 1117 4854 vitam
1133 4798 1253 4871 quater
1267 4791 1327 4854 dat
1342 4789 1518 4869 defunctis,

386 4891 471 4954 vires
488 4889 650 4956 Iohannis
667 4889 840 4971 Baptistae
1015 4897 1049 4952 et
1064 4884 1205 4970 expellit
1220 4888 1264 4952 ab
1279 4887 1425 4954 inunctis

429 4987 508 5051 vicit
523 4985 735 5052 abstinentia.
1060 4993 1207 5048 actorem
1224 4985 1402 5068 nequitiae.
