4094 5796
617 489 758 540 exosas
786 489 988 542 scenasrnn
1015 488 1304 542 Aunacnvausrs
1544 471 1586 539 61

366 667 382 721 8
398 683 446 735 og
477 666 533 721 Ces
543 683 608 722 vers
621 675 686 721 sont
699 667 857 736 remplaces
867 668 940 723 dans
958 667 999 721 W.
1014 685 1066 738 par

792 775 877 838 atque
891 765 937 836 pie
951 765 1145 836 supplicantes

827 856 857 901 ut
871 863 923 900 sua
936 846 1090 901 clementia

792 923 884 980 Nobis
898 925 947 979 liat
964 923 1124 979 coadiutrix

791 1004 840 1075 pia
854 1005 956 1073 Mater,
967 1004 1022 1059 Dei
1036 1005 1137 1060 nutrix.

370 1102 414 1156 81
445 1102 486 1156 Ut
500 1102 539 1156 sis
553 1103 693 1157 dalinska
707 1101 826 1173 Sdnger.
856 1119 877 1168 g
907 1111 1001 1156 vestra
1015 1102 1087 1156 omis
1105 1103 1177 1157 dans
1191 1102 1332 1156 Latimka
1347 1101 1466 1174 Siinger.
1498 1113 1596 1156 nostra

335 1182 402 1237 data
415 1181 597 1252 Andegavcn.
629 1181 685 1237 ista
699 1193 768 1238 nata
782 1181 988 1236 Cathalauncn.
1020 1187 1042 1235 h
1073 1182 1160 1238 donet
1175 1183 1207 1252 Q.
1221 1182 1354 1238 Leodien.
1381 1183 1455 1238 locet
1474 1183 1595 1252 (correc-

335 1261 395 1318 tion
404 1261 590 1332 posterieure)
607 1263 650 1317 W.
682 1273 768 1334 ponet
782 1261 922 1316 Latinska
935 1259 1055 1331 Siinger.

373 1343 413 1396 8l
444 1353 472 1397 et
485 1353 600 1396 coronet
623 1343 655 1411 Q.
668 1345 700 1398 R.
714 1345 744 1398 Τ.
764 1343 808 1396 T¹.
822 1343 865 1396 T2.
882 1341 913 1395 U.
931 1343 958 1396 V.
976 1343 1017 1395 W.
1037 1343 1067 1396 V.
1080 1343 1139 1396 LG.
1163 1343 1304 1398 Latz'mka
1325 1341 1444 1413 Siinger.
1463 1342 1597 1412 Andaga·

338 1439 399 1476 ven.
422 1422 627 1478 cathalaunen.
649 1424 806 1494 Lingonen.
828 1423 981 1476 Traiecten.
1023 1423 1062 1476 Le
1087 1440 1153 1478 sens
1172 1435 1236 1479 veut
1258 1426 1284 1479 le
1297 1421 1454 1494 subjonctii
1462 1441 1469 1488 ;
1483 1423 1511 1476 la
1527 1421 1598 1475 rime

339 1502 419 1572 exige
438 1501 591 1557 l’indicatif.
623 1507 647 1556 k
677 1503 769 1573 patria
783 1501 815 1572 Q.
829 1503 859 1556 T.
874 1502 901 1555 T
902 1505 917 1556 ¹.
931 1501 958 1554 T
963 1507 979 1555 ².
997 1502 1040 1555 W.
1059 1503 1160 1557 VLG.
1183 1504 1322 1558 Latinska
1343 1501 1462 1572 sanger.
1495 1500 1598 1554 Catha-

339 1585 452 1638 launen.
475 1583 604 1637 hedrin.
632 1583 659 1635 T
656 1585 785 1638 rar'ecten.
808 1581 900 1653 gloria
912 1583 946 1636 R.
962 1581 993 1636 U.
1012 1582 1039 1637 V.

373 1678 391 1731 9
410 1663 493 1717 Cette
505 1661 590 1717 finale
602 1680 727 1734 manque
741 1664 813 1718 dans
833 1663 868 1732 Q.
882 1661 912 1716 U.
928 1662 957 1730 V,
974 1662 1003 1716 V.
1027 1661 1233 1718 cathalaunen.
1256 1663 1367 1717 Eduen.
1389 1661 1519 1716 Leodien.
1552 1661 1599 1714 On

340 1742 371 1796 lit
383 1741 400 1796 a
413 1743 441 1798 la
453 1743 536 1813 place
549 1743 586 1798 de
598 1753 672 1798 cette
686 1744 822 1814 strophe:
837 1744 929 1796 Amen
943 1742 1040 1796 dicant
1049 1742 1145 1797 omnia
1159 1743 1231 1798 dans
1247 1744 1278 1813 Q.
1294 1744 1321 1797 V.
1336 1743 1480 1806 Leodien;
1504 1743 1600 1794 Amen

340 1822 436 1878 dicant
450 1822 548 1878 omnia
559 1840 612 1894 per
624 1833 743 1878 aeterna
756 1823 870 1878 saecula
890 1823 962 1876 dans
989 1823 1016 1875 Τ
1018 1829 1033 1876 ¹.
1048 1822 1091 1875 Τ’.
1106 1823 1137 1876 U.
1154 1823 1185 1878 V.
1197 1833 1225 1878 et
1250 1824 1282 1877 ln
1303 1839 1360 1894 qua
1379 1823 1468 1876 simus
1488 1818 1600 1890 gloriati

340 1919 404 1958 cum
419 1902 534 1960 Christo
544 1903 573 1958 in
583 1903 673 1974 gloria
686 1903 758 1958 dans
772 1903 913 1958 Latae'nska
926 1902 951 1956 S
951 1907 1047 1972 linger.

419 2100 479 2170 41.
510 2076 585 2151 nn
612 2077 650 2151 S.
673 2075 960 2151 onxunuo
989 2055 1524 2150 Avrlssrooounusl.

653 2264 665 2310 Ι

389 2377 487 2441 Felix
502 2397 649 2474 germen,
666 2377 697 2443 O
715 2378 891 2458 Germane,

391 2493 513 2537 nomen
530 2474 617 2556 geris
634 2495 700 2539 non
718 2475 817 2539 inane

391 2589 469 2634 nam
486 2571 618 2636 virtutis
634 2571 801 2636 salvificae

390 2661 526 2751 germen
544 2667 671 2751 profers
688 2667 874 2751 magnifice.

392 2763 620 2828 Antissiodori
637 2775 736 2829 natus

391 2861 586 2943 parentibus
598 2870 792 2943 procreatus

393 2955 484 3020 luisti
500 2955 717 3020 nobilissimis

393 3053 551 3136 cultuque
568 3053 848 3136 praeclarissimis

656 3209 673 3255 2

395 3333 447 3398 Tu
464 3334 618 3416 primitus
635 3332 806 3412 oberrasti,

395 3449 471 3493 cum
490 3429 659 3492 iuventam
677 3429 845 3495 inclinasti

395 3525 436 3589 ad
454 3525 581 3588 caduca
597 3534 632 3588 et
648 3525 830 3604 mundana,

397 3621 453 3684 illa
468 3639 611 3702 sequens
628 3629 740 3684 mente
757 3639 852 3686 vana.

400 3715 428 3779 E
443 3716 586 3798 vestigio
601 3715 746 3792 adultus,

398 3813 490 3876 omni
508 3810 613 3874 scibili
631 3809 795 3888 suffultus,

400 3908 574 3990 suscepisti
591 3907 844 3988 gubernandam

402 4005 630 4086 Burgundiam
649 4023 688 4066 ac
705 4005 906 4068 ducandam.

665 4163 682 4226 3

405 4285 507 4368 Regis
525 4285 657 4349 interim
676 4287 825 4349 maxime

404 4382 578 4447 Autritum
595 4401 696 4463 quam
713 4382 891 4444 tenerrime

404 4499 483 4562 prae
498 4479 640 4542 caeteris
655 4478 820 4560 diligebas

405 4583 439 4638 et
454 4574 644 4658 praesentia
661 4573 794 4636 ditabas

409 4669 553 4736 Sanctus
569 4669 646 4731 huic
663 4677 734 4732 erat
749 4668 895 4732 Amator

409 4765 550 4848 praesul,
567 4763 643 4827 fidei
661 4763 794 4842 zelator,

408 4863 464 4943 qui
480 4869 514 4925 te
530 4859 593 4923 sibi
610 4879 839 4923 successurum

409 4957 496 5020 dixit
512 4965 546 5019 et
562 4955 617 5038 pie
632 4956 806 5021 victurum.

1278 2271 1300 2332 4

1018 2385 1103 2449 Inde
1119 2386 1161 2454 ad
1181 2383 1292 2447 Deum
1309 2403 1489 2464 conversus

1021 2489 1054 2544 et
1070 2501 1090 2543 a
1107 2479 1286 2543 mundanis
1303 2499 1462 2557 reversus,
1557 2513 1561 2516 ·

1020 2576 1195 2658 presbyter
1211 2575 1254 2637 ab
1270 2595 1311 2637 eo
1327 2573 1435 2638 factus

1021 2672 1110 2734 viam
1127 2692 1161 2733 es
1178 2669 1360 2753 perfectam
1379 2677 1505 2733 nactus.

1022 2768 1146 2831 Mirum
1164 2768 1196 2829 in
1215 2767 1352 2830 modum
1373 2785 1515 2830 uxorem

1022 2863 1237 2926 commutasti
1254 2863 1286 2924 in
1305 2882 1452 2925 sororem
1466 2882 1474 2941 ;

1022 2959 1111 3024 bona
1127 2959 1256 3042 spargis
1273 2959 1306 3022 in
1323 2979 1497 3042 pauperes,

1024 3055 1099 3119 Deo
1115 3065 1152 3120 ut
1168 3055 1261 3118 dives
1278 3053 1380 3118 fieres.

1287 3207 1301 3274 5

1028 3335 1060 3401 O
1077 3335 1150 3417 quis
1167 3334 1275 3416 quibit
1291 3352 1462 3396 recensere

1025 3441 1059 3494 et
1075 3451 1161 3514 quae
1177 3439 1269 3493 carta
1286 3429 1456 3493 continere

1027 3526 1179 3589 assiduas
1195 3523 1326 3607 vigilias

1028 3631 1062 3686 et
1077 3631 1152 3686 tuas
1168 3620 1414 3684 abstinentias?

1030 3719 1170 3783 Nullum
1187 3740 1336 3802 unquam
1351 3717 1616 3796 condimentum,

1029 3835 1095 3878 non
1113 3816 1237 3887 vinum,
1256 3835 1322 3878 non
1343 3815 1593 3892 salsamentum,

1031 3911 1213 3995 sumpsisti,
1230 3931 1339 3993 neque
1355 3911 1521 3992 legumen,

1032 4027 1099 4070 non
1117 4008 1168 4072 vel
1186 4009 1334 4090 corporis
1350 4017 1518 4090 tegumen.

1295 4150 1316 4212 6

1035 4287 1132 4352 Brevi
1148 4308 1268 4352 somno
1292 4286 1489 4368 indulgebas

1035 4385 1094 4446 sed
1110 4393 1190 4446 tunc
1207 4391 1319 4446 mente
1335 4380 1497 4463 vigilabas

1038 4479 1249 4562 superiacens
1266 4477 1374 4540 cilicio

1036 4585 1069 4639 et
1085 4585 1191 4639 stratu
1208 4574 1373 4638 cinericio.

1039 4670 1091 4732 En
1109 4671 1240 4751 saepius
1257 4670 1290 4732 in
1308 4669 1473 4750 lacrymas

1041 4765 1258 4830 resolvebaris
1274 4765 1451 4841 maximas,

1040 4859 1247 4926 Crucifixum
1265 4861 1365 4924 corde
1381 4859 1490 4922 ferens

1038 4955 1204 5038 relliquias
1220 4953 1307 5019 collo
1322 4975 1450 5038 gerens.
