4096 5794
499 525 570 597 524

800 721 818 785 3

542 824 706 918 Relegato
721 835 831 919 gentis
848 855 948 914 more,

540 939 749 1014 expurgatur
764 951 859 995 sacro
876 951 948 996 rore

585 1027 702 1090 salutis
718 1036 819 1110 atque
834 1027 904 1110 spei
921 1049 928 1105 ;

543 1123 669 1204 Tangit
685 1133 823 1205 petram,
839 1123 927 1187 cedit
945 1133 1047 1206 petra,

544 1217 758 1301 protrahente
773 1229 945 1300 geometra

588 1314 776 1397 eleufugam
793 1313 878 1378 fidei.

807 1464 829 1524 4

551 1575 588 1638 ln
607 1573 734 1638 vultum
751 1575 841 1656 spuit
857 1575 954 1639 idolis

549 1690 662 1734 servos
679 1670 777 1748 Iovis,
794 1670 922 1749 Martis,
939 1671 1027 1736 Solis

593 1765 789 1830 maledictos
806 1768 975 1849 praedicat
991 1791 997 1844 ;

551 1862 732 1926 Instaurati
748 1871 843 1945 pater
859 1863 971 1926 binam

550 1957 657 2022 lucem
674 1957 774 2034 iubet,
791 1957 847 2022 illa
863 1959 984 2023 trinam

594 2053 751 2118 Trinitati
767 2053 910 2120 dedicat.

815 2204 829 2268 5

553 2311 657 2374 Videt
674 2321 817 2392 pateret
834 2311 986 2388 intendit,

554 2406 754 2492 Trinitatem
771 2407 1025 2489 comprehendit

598 2522 699 2584 quam
717 2501 823 2584 Virgo
840 2501 1029 2585 significat;

557 2597 651 2661 Furit
669 2598 767 2674 intus,
783 2607 880 2661 extra
898 2598 1016 2676 fremit,

556 2713 616 2756 nec
634 2692 777 2756 furorem
795 2693 881 2757 intra
898 2696 1028 2776 premit,

599 2790 657 2853 sed
675 2789 806 2852 interim
824 2789 971 2873 explicat

817 2919 838 2981 6
950 2984 952 2988 ,

558 3039 636 3102 Piae
652 3039 737 3121 proli
754 3057 897 3122 nequam
915 3059 1035 3122 parens

557 3154 701 3217 poenam
720 3145 824 3217 parat,
840 3135 907 3199 irae
923 3156 1053 3217 parens,

603 3241 636 3294 et
652 3253 687 3294 se
703 3231 823 3313 probat
840 3231 980 3314 impium
995 3257 1002 3314 ;

560 3327 644 3393 Orat
661 3329 762 3410 virgo,
779 3328 868 3391 cedit
886 3348 1007 3406 murus,

559 3425 639 3489 dum
657 3425 689 3487 in
707 3445 745 3488 ea
762 3435 856 3506 pater
871 3426 974 3490 durus

605 3522 761 3603 evaginat
777 3522 937 3603 gladium.

822 3669 841 3732 7

563 3786 669 3869 Virgo
685 3785 779 3868 fugit,
795 3797 909 3869 pastor
924 3808 1041 3852 caecus

563 3885 649 3967 patri
668 3893 840 3960 monstrat,
856 3887 943 3948 unde
960 3907 1061 3968 pecus

608 3981 640 4042 in
657 3979 819 4043 locustam
838 3982 995 4060 vertitur;

565 4075 792 4158 Deprehensa‚
807 4086 984 4154 coarctata,

567 4173 735 4235 Martiano
751 4183 971 4254 praesentata,

609 4267 748 4351 flagellis
765 4271 924 4333 atteritur.

1134 4393 1170 4456 13

809 523 952 575 PROSAE
980 523 1181 576 ECCLESIAE
1209 523 1451 575 PlCTAVENSlS

1430 703 1448 764 8

1168 833 1371 912 Carceratur,
1388 834 1549 912 visitatur,

1170 929 1378 994 confortatur
1394 940 1426 994 et
1444 937 1580 994 sanatur

1215 1025 1296 1090 caeli
1314 1025 1387 1090 fuso
1404 1025 1538 1102 lumine,

1174 1121 1342 1185 Martiano
1358 1122 1525 1186 reducitur

1172 1230 1204 1281 et
1222 1238 1388 1281 sesanam
1407 1216 1571 1300 eloquitur

1218 1313 1339 1378 Christi
1357 1314 1584 1378 medicamine.

1436 1464 1457 1526 9

1177 1577 1272 1639 Tunc
1289 1577 1425 1659 punitur
1440 1574 1527 1638 latus
1544 1573 1688 1648 flamma,

1178 1672 1264 1736 lusto
1280 1681 1389 1754 caput,
1406 1671 1491 1734 ferro
1509 1689 1665 1745 mamma,

1222 1766 1368 1830 nudatur
1384 1767 1416 1829 in
1433 1765 1568 1849 publico
1582 1787 1590 1844 ;

1178 1865 1268 1927 Dum
1286 1863 1409 1926 incedit
1426 1861 1607 1937 inconfusa,

1178 1967 1317 2023 cunctos
1334 1958 1424 2035 latet,
1439 1955 1647 2034 circumfusa,

1225 2055 1345 2118 vestitu
1365 2052 1492 2118 deifico.

1434 2207 1472 2253 10

1180 2312 1309 2376 Videns
1326 2312 1427 2376 iudex
1446 2320 1557 2375 mente
1573 2310 1662 2373 cadit

1182 2418 1282 2491 atque
1298 2409 1405 2472 victus
1421 2407 1507 2490 patri
1525 2407 1626 2470 tradit

1228 2513 1342 2568 natam
1359 2504 1401 2567 ad
1419 2504 1560 2566 exitium
1575 2523 1582 2579 ;

1185 2600 1311 2663 Furens
1327 2609 1430 2682 pater,
1447 2599 1552 2662 lracto
1569 2598 1637 2660 iure

1185 2695 1267 2777 legis
1284 2695 1381 2758 simul
1398 2705 1431 2758 ct
1448 2704 1595 2770 naturae,

1228 2809 1363 2872 germen
1381 2801 1478 2854 necat
1494 2789 1673 2872 proprium.

1442 2937 1475 2983 11

1186 3040 1293 3106 Caesa
1309 3050 1419 3125 caput,
1436 3041 1508 3104 lusa
1525 3061 1630 3124 prece,
1651 3116 1654 3121 Ι

1184 3158 1263 3201 ense
1280 3139 1384 3220 patris
1400 3149 1512 3220 spreta
1529 3157 1618 3210 nece,

1231 3235 1324 3317 virgo
1340 3235 1429 3298 vitae
1445 3234 1612 3310 nascitur;

1192 3330 1357 3394 Parricida
1374 3330 1568 3394 discedente

1185 3437 1218 3490 et
1235 3428 1277 3490 ad
1295 3428 1414 3491 vallem
1432 3427 1666 3512 descendente,

1235 3525 1282 3586 ira
1299 3524 1362 3587 Dei
1381 3524 1546 3606 panditur.

1444 3671 1481 3717 12

1193 3788 1330 3855 Caelum
1348 3799 1452 3866 tonat,
1469 3788 1579 3870 fulgur
1595 3787 1706 3864 micat,

1192 3887 1297 3950 saevit
1313 3907 1368 3948 aer
1384 3897 1417 3949 et
1433 3886 1571 3949 dimicat

1235 3984 1266 4045 in
1285 3991 1431 4046 actorem
1449 3981 1580 4045 sceleris
1595 4002 1603 4060 ;

1194 4077 1292 4154 Ferit,
1309 4077 1413 4154 findit,
1430 4078 1503 4153 urit,
1519 4077 1605 4152 terit,

1194 4176 1277 4238 ictus
1293 4174 1392 4250 cadit,
1409 4185 1502 4237 ustus
1518 4174 1612 4255 perit,

1238 4271 1386 4352 sepultus
1403 4273 1435 4333 in
1454 4269 1572 4333 inferis.

895 4493 943 4560 A't
961 4499 1099 4580 martyri
1116 4499 1236 4561 dextra
1254 4497 1317 4561 Dei

895 4592 1051 4655 diadema
1067 4593 1189 4675 speciei

937 4689 996 4753 dat
1012 4699 1046 4753 et
1062 4689 1154 4772 regni
1170 4689 1320 4772 gloriam,

896 4785 947 4850 Ibi
964 4806 1080 4849 amans
1096 4786 1187 4869 quod
1204 4785 1329 4849 amavit

895 4893 994 4966 atque
1010 4892 1128 4946 tenens
1144 4883 1233 4965 quod
1251 4882 1397 4964 speravit

938 4977 1034 5042 nobis
1051 4987 1122 5041 oret
1139 4978 1287 5040 veniam..
