4102 5790
588 521 731 571 PROSAE
759 521 963 572 ECCLESIAE
992 522 1282 576 HERFORDENSIS
1496 531 1563 602 157

587 735 666 806 103.
699 712 775 785 DE
805 712 843 786 S.
876 713 1276 790 ETHELBERTO.

617 931 628 976 1
1241 919 1262 981 6

353 1037 486 1103 Laudes
502 1037 578 1100 Deo
593 1037 820 1110 decantemus,
984 1035 1028 1097 Et
1038 1044 1208 1118 stuporem
1224 1059 1382 1122 magnum
1394 1052 1565 1124 praestant

352 1144 385 1198 et
401 1134 433 1196 in
452 1133 503 1196 Eo
519 1131 729 1194 exsultemus
984 1131 1079 1212 signa
1097 1153 1220 1215 magna
1233 1136 1341 1199 adhuc
1354 1149 1479 1202 restant

394 1229 451 1310 qui
467 1237 602 1292 sanctos
617 1224 790 1309 glorificat,
984 1246 1070 1308 quae
1086 1249 1144 1309 per
1162 1232 1277 1294 mundi
1296 1231 1513 1298 Conditorem

353 1323 455 1388 Cuius
472 1331 556 1386 nutu
574 1321 789 1385 Ethelbertus
983 1325 1087 1386 nostri
1105 1324 1188 1390 fiunt
1204 1328 1246 1390 ad
1264 1327 1434 1394 honorem.

354 1421 417 1483 iam
436 1420 469 1482 in
486 1418 580 1482 caelo
597 1427 713 1500 regnat
729 1425 848 1493 certus
984 1419 1064 1483 Post
1082 1432 1223 1485 mortem
1241 1426 1423 1506 apparuisti

396 1523 430 1578 et
447 1514 558 1577 Deum
576 1511 777 1596 magnificat.
984 1515 1041 1577 uni
1058 1516 1137 1594 vir0‚
1154 1527 1187 1581 et
1204 1519 1327 1582 iussisti

615 1641 633 1687 2
984 1618 1020 1672 ut
1037 1611 1229 1676 indecenter
1244 1613 1420 1680 humatum

357 1737 488 1819 Sceptri
503 1735 624 1798 florens
642 1735 825 1811 maiestate,
984 1727 1105 1790 c0sl³¹³⁸
1121 1718 1215 1772 tuum
1234 1711 1276 1774 Sit
1292 1712 1469 1780 sublatum.

356 1853 448 1897 sacra
466 1851 593 1895 morum
611 1831 796 1908 honestate,

357 1928 560 2006 Ethelberte‚
578 1927 731 2003 micuisti,
1246 1887 1266 1951 7

357 2025 437 2088 dum
454 2023 507 2086 hic
525 2043 664 2106 regnum
681 2022 817 2086 tenuisti
833 2045 841 2104 ;
988 2020 1090 2104 Quod
1107 2042 1183 2085 cum
1200 2022 1262 2087 suit
1283 2044 1365 2088 mox
1386 2026 1573 2108 impletum,

358 2122 466 2204 Regni
482 2119 614 2183 culmen
631 2119 783 2201 quamvis
800 2125 927 2194 nactus
986 2128 1087 2201 caput
1100 2119 1230 2182 vultum
1253 2131 1418 2185 monstrat
1438 2122 1573 2200 laetum,

358 2218 448 2280 nulla
463 2217 572 2280 carnis
589 2215 664 2278 labe
679 2223 798 2290 tactus,
987 2215 1069 2278 acsi
1087 2216 1206 2278 durum
1225 2215 1270 2278 nil
1287 2236 1492 2300 perpessum,

358 2312 487 2376 caelebs
504 2330 636 2393 semper
651 2309 811 2372 exstitisti
987 2313 1046 2375 sed
1063 2332 1082 2374 a
1099 2331 1218 2375 somno
1234 2323 1349 2395 surgat
1366 2313 1497 2378 fessum.

358 2408 434 2490 quia
452 2408 563 2470 Deum
580 2405 739 2470 dilexisti.
987 2406 1117 2488 Corpus
1134 2427 1263 2471 sacrum
1281 2429 1357 2472 cum
1373 2429 1489 2474 cruore

618 2533 636 2597 3
987 2503 1075 2565 dulci
1093 2503 1233 2586 respirat
1249 2505 1361 2581 odore,

990 2618 1075 2680 quae
1092 2599 1200 2662 currui
1217 2599 1435 2682 imponuntur

990 2704 1023 2758 et
1039 2714 1059 2760 a
1075 2694 1150 2758 loco
1166 2695 1384 2762 deducuntur.

361 2632 470 2695 Instar
486 2630 564 2694 solis
581 2629 723 2694 illuxisti

361 2730 392 2792 in
409 2729 472 2792 hac
488 2729 565 2805 vita,
581 2729 662 2792 dum
679 2727 771 2790 suisti

401 2823 524 2888 finibus
541 2824 736 2888 Britanniae
752 2844 759 2902 ;
1251 2871 1270 2932 8

360 2919 493 2984 Ornans
509 2919 642 3002 Anglos
657 2918 794 2982 orientis

360 3026 443 3094 ortu,
460 3035 541 3078 nece
556 3014 740 3078 Occidentis
990 3031 1080 3094 Dum
1099 3033 1261 3115 perviam
1278 3053 1393 3098 currus
1410 3035 1503 3098 vadit

402 3124 436 3179 et
451 3114 624 3196 signorum
641 3111 795 3177 culmine.
990 3137 1074 3192 nutu
1093 3128 1157 3192 Dei
1173 3138 1275 3211 caput
1291 3130 1391 3206 cadit,

619 3244 641 3305 4
989 3223 1032 3286 ad
1049 3225 1139 3306 quod
1156 3244 1233 3287 cum
1250 3245 1369 3288 caecus
1385 3224 1481 3302 elisit,

361 3339 466 3422 Signa
482 3358 605 3420 magna
622 3337 722 3420 plena
739 3337 823 3400 miro
989 3320 1098 3384 Visum
1115 3322 1204 3404 ⁰³1)st
1220 3340 1319 3403 (luem
1337 3321 1470 3398 amisit;

361 3445 393 3500 et
408 3434 576 3516 condigna
592 3442 688 3497 tanto
704 3433 775 3497 viro
991 3414 1121 3498 Corpus
1137 3417 1275 3480 tandem
1293 3425 1344 3480 est
1360 3415 1509 3480 delatum

404 3529 488 3594 fiunt
503 3539 563 3593 tuo
579 3527 704 3606 sunere,
990 3513 1023 3574 in
1042 3511 1195 3576 Fernleia
1211 3512 1425 3590 tumulatum,

361 3625 457 3710 Quae
472 3626 595 3689 iniuste
610 3633 645 3688 te
662 3633 817 3688 necatum
993 3607 1050 3671 ”bl
1067 3617 1202 3673 sanctus
1219 3607 1315 3673 fimet
1330 3607 1435 3690 Signis

361 3733 394 3787 et
410 3722 546 3805 indigne
562 3719 764 3785 tumulatum
992 3705 1143 3768 Omnium
1160 3713 1297 3788 Sillime
1312 3705 1432 3786 dignis·

404 3826 593 3882 monstrant
610 3816 674 3879 Dei
693 3833 838 3881 munere.
1252 3893 1274 3956 9

363 4040 453 4103 Dum
470 4039 503 4102 in
520 4057 616 4102 cruce
629 4037 848 4120 triumphavit
992 4038 1104 4122 Quam
1121 4059 1156 4102 es
1172 4048 1293 4121 potens
1310 4059 1371 4102 rex
1388 4038 1420 4103 in
1438 4037 1508 4102 vita

361 4136 491 4199 Auctor
506 4136 604 4212 vitae,
620 4133 669 4196 sol
686 4135 823 4216 negavit
992 4135 1048 4198 ubi
1065 4135 1158 4213 vivis,
1173 4135 1266 4199 cuius
1283 4135 1331 4199 ita

404 4231 531 4296 mundo
548 4229 660 4292 lumen
678 4229 825 4307 reddere,
1034 4252 1124 4295 mors
1142 4231 1246 4313 fulget
1263 4231 1453 4295 miraculis!

363 4327 430 4394 Sed
448 4328 480 4391 in
498 4337 556 4390 tua
572 4327 728 4408 passione
992 4327 1139 4392 Multum
1156 4337 1253 4410 potes
1269 4347 1382 4391 coram
1402 4329 1476 4391 Deo

364 4425 447 4488 mira
466 4423 529 4486 sub
545 4422 739 4485 conditione
993 4442 1051 4486 ora
1067 4423 1154 4504 iugis
1170 4443 1283 4486 coram
1303 4424 1355 4487 Eo

405 4545 476 4588 nox
492 4521 620 4586 refulsit
637 4521 751 4584 iubare
766 4540 774 4600 ;
1036 4539 1097 4602 pro
1114 4520 1231 4583 mundi
1248 4518 1397 4603 piaculis.

358 4729 552 4782 Manuscrlt.
575 4725 728 4778 Oxronn:
747 4723 913 4795 University
927 4723 1010 4792 Coll.‚
1026 4721 1126 4777 Missel
1139 4723 1175 4778 de
1191 4722 1341 4792 Heresord,
1352 4739 1416 4779 vers
1433 4737 1509 4792 1390,
1525 4723 1581 4778 OC.

360 4859 440 4914 Cette
454 4858 542 4912 Prose
555 4855 625 4910 aete
638 4854 730 4910 editae
743 4871 796 4927 par
810 4857 1021 4912 Haunsason.

363 4975 409 5024 rb
439 4971 556 5026 Christo
574 4970 792 5023 Hsnoansou

362 5054 403 5102 nr
432 5059 540 5104 tractus
554 5051 772 5104 Hauuaasou.
