4102 5792
618 553 759 604 l'ROSAE
787 552 990 603 ECCLESIAE
1018 551 1259 603 REDONENSIS
1496 555 1568 626 447

616 744 632 810 5

354 881 397 946 Vi
413 881 607 965 compulsus
623 881 791 946 exsulavit

355 998 415 1041 nec
431 976 595 1061 impulsus
610 976 791 1041 declinavit

397 1093 416 1136 a
433 1073 498 1136 Dei
515 1073 642 1136 iustitia
657 1095 664 1151 3

357 1169 488 1232 Ponens
503 1169 593 1232 enim
610 1188 704 1251 spem
724 1169 754 1232 in
774 1170 849 1233 Deo

355 1263 461 1328 fidens
477 1273 548 1327 erat
564 1264 659 1347 quasi
676 1263 737 1342 leo,

397 1380 504 1443 agnus
520 1359 691 1442 patientia.

614 1517 636 1578 6

359 1669 554 1736 Sanctitatis
571 1680 768 1752 argumenta

359 1775 435 1830 sunt
451 1767 590 1830 virtutes
606 1775 639 1830 et
656 1775 812 1849 portenta

401 1884 487 1946 quae
502 1863 579 1926 iecit
597 1864 739 1946 insignia
752 1885 760 1943 ;

360 1963 475 2028 Sancti
490 1982 611 2046 corpus
627 1973 702 2046 post
719 1963 882 2028 bimatum

359 2071 408 2126 est
424 2064 595 2126 inventum
613 2061 778 2127 illibatum

402 2159 576 2222 miraeum
594 2157 783 2240 fragrantia.

1245 746 1264 811 7

986 883 1038 946 Dc
1056 883 1242 949 Guillermo
1257 885 1362 950 virtus
1379 896 1503 964 manat,

984 978 1090 1042 sebres
1106 990 1209 1058 curat,
1225 982 1361 1046 morbos
1376 993 1482 1059 sanat,

1028 1075 1168 1158 expellit
1183 1077 1362 1141 daemonia
1377 1100 1384 1157 ;

986 1169 1095 1248 Surdi,
1112 1172 1211 1250 caeci,
1226 1171 1347 1250 claudi,
1364 1177 1448 1239 muti

986 1275 1064 1330 sunt
1080 1266 1178 1332 saluti
1195 1269 1337 1333 restituti

1028 1383 1087 1444 per
1102 1364 1172 1427 eius
1189 1362 1355 1447 suffragia.

1248 1522 1266 1583 8

988 1670 1018 1736 O
1036 1671 1227 1748 Guillerme,
1243 1693 1330 1737 nova
1346 1674 1451 1752 stella,

985 1787 1097 1831 servos
1113 1789 1223 1831 serves
1240 1789 1260 1832 a
1276 1769 1421 1851 procella

1030 1865 1117 1930 trina
1133 1866 1233 1929 maris
1248 1866 1356 1944 obvia,

988 1964 1033 2028 Et
1049 1966 1091 2028 ad
1109 1973 1241 2048 portum
1260 1985 1321 2028 nos
1337 1963 1454 2030 salutis

986 2064 1155 2148 applicare
1174 2064 1223 2128 lac
1240 2065 1372 2130 virtutis

1031 2169 1108 2224 tuae
1124 2159 1343 2242 providentia.

354 2393 544 2444 Manuscrlt.
567 2387 663 2442 Parus
678 2405 685 2444 :
707 2385 778 2444 Bibl.
795 2391 870 2458 Nan,
888 2391 962 2460 1098,
977 2390 1075 2445 Missel
1089 2390 1125 2445 de
1139 2391 1262 2458 Rennes,
1276 2390 1334 2444 xiv⁸
1346 2389 1440 2460 siecle,
1459 2391 1489 2446 Υ.

356 2561 403 2611 td
433 2572 567 2611 occasum
579 2557 717 2614 Redonen.

353 2639 402 2690 ad
432 2635 723 2692 GlorieturRedonen.

353 2728 399 2783 30
428 2713 584 2784 petulentia
596 2714 734 2769 Redom

353 2799 402 2859 4d
435 2792 616 2848 esRedonen.

355 2884 369 2942 5
382 2888 402 2926 a
434 2872 485 2926 Vir
544 2870 694 2927 exsultavit
707 2869 845 2926 Redonen.

354 2957 402 3017 7d
435 2950 539 3024 claudi,
552 2951 630 3006 caeci
643 2945 801 3006 Redomn.'

531 3317 573 3388 3¹
583 3318 615 3388 5.
647 3292 723 3368 DE
753 3290 977 3367 SANCTO
1005 3291 1356 3368 ARMAGlLLO.

627 3619 639 3665 l

364 3743 507 3828 Lingua,
521 3743 629 3820 corde,
646 3751 758 3806 mente
774 3751 847 3806 tota

363 3837 541 3922 Armagilli
559 3837 653 3921 plebs
669 3837 796 3901 devota-

379 3997 384 4012 ,
406 3933 530 3999 recolat
547 3933 730 4009 sollemnia,

363 4030 466 4096 Cuius
482 4029 626 4112 probant
645 4027 858 4092 sanctitatem

361 4135 394 4191 et
411 4125 592 4190 ferventem
609 4123 806 4188 charitatem

405 4221 566 4286 miracula
581 4220 681 4284 varia.

623 4381 642 4428 2

363 4521 396 4585 A
412 4519 518 4586 sodali
535 4518 639 4602 frigus
656 4515 750 4599 pellit

363 4636 443 4700 puer
458 4615 578 4691 adhuc,
593 4623 626 4678 et
642 4611 783 4695 expellit

405 4713 547 4778 febrium
564 4710 753 4792 angustiam
770 4729 777 4786 ;

366 4809 441 4886 Res,
457 4815 611 4893 parentes
628 4804 682 4867 hic
697 4804 880 4878 dimittens,

365 4913 472 4970 totum
484 4903 559 4968 Deo
575 4921 610 4965 se
624 4898 839 4964 committens

306 4999 309 5003 ’
405 4999 553 5083 applicat
570 4994 788 5066 Britanniam.

1253 3615 1270 3679 3

997 3741 1091 3804 lussu
1109 3740 1194 3823 regis
1210 3749 1377 3818 evocatus,

992 3835 1067 3899 Deo
1083 3834 1227 3917 placens,
1242 3835 1371 3898 cunctis
1387 3843 1502 3916 gratus

1035 3929 1202 4013 profectus
1218 3939 1268 3994 est
1285 3929 1429 3994 Galliam
1443 3951 1451 4008 ;

992 4025 1060 4108 Spe
1076 4025 1193 4088 salutis
1208 4025 1371 4104 destituti,

991 4141 1118 4200 caecus,
1133 4119 1271 4186 claudus
1288 4121 1431 4185 restituti

1035 4225 1113 4281 sunt
1128 4236 1187 4300 per
1205 4215 1276 4281 eius
1291 4217 1443 4301 gratiam.

1251 4380 1274 4441 4

937 4553 942 4566 ι
994 4513 1092 4580 Mora
1107 4513 1195 4580 iacta
1211 4533 1270 4597 per
1285 4535 1347 4578 sex
1363 4535 1479 4594 annos,

992 4619 1070 4692 post
1085 4629 1234 4674 reversus
1250 4611 1291 4675 ad
1310 4611 1490 4677 Britannos

1038 4705 1120 4770 adiit
1136 4707 1335 4784 Redoniam,

996 4800 1035 4863 ln
1052 4801 1185 4866 deserto
1201 4822 1237 4866 se
1253 4804 1411 4885 recondit,

993 4895 1048 4959 ubi
1066 4895 1200 4962 Christo
1216 4917 1330 4981 preces
1346 4899 1465 4981 fundit,

1038 4995 1154 5058 mundi
1171 4993 1280 5058 vitans
1294 4994 1446 5078 gloriam.
