4096 5794
633 555 775 608 PROSAE
802 557 1007 610 ECCLESIAE
1033 559 1284 612 LEXOVIENSIS
1525 559 1591 632 541

548 735 630 823 387.
664 733 738 806 DE
768 734 993 810 SANCTA
1025 737 1384 811 KATHERINA.

645 949 656 994 1
827 943 832 954 '
1187 973 1189 977 ·
1272 949 1289 1012 3

381 1060 501 1143 Fulget
517 1061 588 1124 dies
605 1061 815 1143 triumphalis

379 1176 445 1238 qua
461 1156 621 1239 triumphi
639 1158 809 1240 virginalis

421 1253 532 1335 agitur
549 1254 710 1316 memoria
725 1275 732 1331 ;

378 1348 594 1413 Gratulemur
609 1349 849 1427 collaudantes,

380 1445 589 1508 Katherinae
604 1447 823 1509 decantantes

421 1542 535 1606 laudes
552 1552 585 1605 et
602 1543 788 1624 praeconia.

640 1689 658 1734 2
1271 1692 1294 1753 4

378 1799 429 1866 Ut
444 1798 603 1881 triumphi
621 1797 834 1862 modulemur
1009 1798 1066 1864 Sic
1082 1799 1235 1863 ducentis
1252 1799 1311 1863 lux
1329 1799 1443 1862 illuxit

377 1898 479 1979 digne
496 1897 644 1972 modum,
659 1896 876 1977 deprecemur
1008 1898 1050 1959 ad
1069 1916 1213 1978 superna
1229 1916 1312 1978 quos
1329 1897 1490 1978 perduxit

422 1994 492 2056 eius
509 1992 695 2074 patrocinia
709 2013 717 2070 ;
1055 1993 1108 2058 via
1125 1992 1222 2055 maiis
1239 1993 1326 2055 invia
1340 2013 1347 2069 ;

380 2089 494 2153 Verbo
509 2090 629 2152 doctos
645 2087 824 2170 superavit,

379 2185 484 2249 victos
502 2184 620 2248 Verbo
637 2184 853 2260 consecravit,

421 2281 526 2346 Verbi
543 2281 643 2362 plena
659 2279 775 2361 gratia.

1010 1063 1116 1125 Istam
1134 1083 1194 1124 rex
1211 1062 1427 1125 incarceravit

1008 1178 1109 1240 quam
1126 1157 1278 1220 caelestis
1295 1157 1471 1221 illustravit

1055 1253 1114 1317 lux
1131 1253 1263 1317 obscuri
1281 1254 1392 1317 nescia
1407 1275 1414 1330 ;

1010 1351 1117 1433 isqui
1135 1349 1223 1414 Suos
1236 1369 1302 1412 non
1320 1350 1476 1432 relinquit

1013 1445 1117 1510 Suam
1135 1447 1236 1528 pavit,
1253 1465 1393 1528 pascens
1410 1446 1539 1528 inquit:

1055 1557 1073 1611 t
1089 1542 1258 1606 Constans
1271 1553 1353 1622 esto,
1369 1541 1478 1612 filia.»

1016 2087 1071 2153 Sic
1089 2108 1230 2150 uxorem
1248 2089 1335 2170 regis
1351 2087 1442 2165 lavit,

1010 2203 1029 2246 a
1046 2185 1259 2266 peccatisque
1275 2183 1399 2248 roravit

1053 2279 1200 2343 Deitatis
1217 2279 1338 2362 pluvia

953 2408 969 2475 5

713 2528 822 2592 Rotae
841 2527 898 2611 qui
915 2536 1122 2592 tormentum
1139 2528 1233 2593 triste

712 2623 944 2701 concremasti,
956 2622 1061 2700 nobis,
1080 2621 1221 2701 Christe,

754 2721 900 2803 desuper
915 2719 1046 2798 irradia,

710 2817 803 2882 Patri
821 2819 938 2900 iungat
955 2837 1017 2882 nos
1032 2825 1178 2896 aeterno,

708 2915 760 2978 cui
778 2923 891 2978 turma
907 2913 950 2978 de
966 2933 1111 2998 superno

750 3031 866 3076 caesae
883 3009 974 3074 venit
990 3010 1099 3074 obvia.

376 3192 417 3256 51
447 3187 561 3242 obviam
574 3188 726 3243 Lexovr'en.

567 3453 650 3543 388.
683 3449 757 3523 ou
789 3447 1012 3523 snucrn
1041 3448 1363 3522 ouuovorn.

649 3683 660 3728 Ι

427 3787 536 3868 Virgo
552 3785 759 3856 venerabilis,
840 3800 841 3803 ’

426 3883 520 3965 virgo
537 3883 691 3964 prudens,
708 3880 852 3956 humilis,

426 3979 521 4061 virgo
538 3978 602 4041 Dei
620 3978 696 4054 filia,

429 4072 562 4156 Sponsa
580 4074 681 4156 Regis
698 4071 833 4156 gloriae,

429 4179 598 4233 memento
614 4167 769 4246 familiae,

431 4264 516 4347 Regi
534 4263 717 4328 reconcilia.

645 4406 664 4452 2

428 4504 525 4583 Veni,
541 4505 643 4588 virgo,
661 4525 812 4588 propera,

429 4621 541 4666 servos
557 4611 633 4666 tuos
650 4600 754 4665 libera

429 4697 471 4761 ab
487 4697 579 4761 omni
596 4696 771 4776 molestia;

428 4793 526 4874 Veni,
541 4813 583 4857 ne
599 4794 791 4872 tardaveris,

428 4891 542 4954 conser
557 4909 655 4973 opem
674 4889 801 4954 miseris

430 4987 510 5051 dum
527 4994 692 5070 quaerunt
707 4986 863 5050 subsidia.

1274 3681 1291 3744 3

1058 3783 1162 3847 Adsis
1179 3805 1336 3867 praesens
1353 3806 1453 3869 opere

1059 3899 1144 3962 quae
1161 3900 1317 3962 praesens
1334 3902 1369 3944 es
1386 3903 1524 3965 corpore

1056 3974 1119 4038 hac
1136 3976 1247 4039 iacens
1264 3977 1414 4055 ecclesia,

1058 4071 1184 4135 Totum
1202 4093 1322 4154 corpus
1339 4061 1493 4152 vidimus,

1058 4169 1124 4230 iam
1144 4167 1253 4232 nullus
1270 4178 1320 4232 est
1337 4167 1504 4248 Bidinus,

1058 4265 1149 4346 apud
1166 4283 1227 4327 nos
1243 4272 1322 4328 sunt
1337 4265 1459 4330 omnia.

1273 4408 1296 4469 4

1058 4504 1188 4588 Corpus
1204 4515 1313 4569 totum
1331 4505 1435 4571 oculis

1060 4601 1118 4664 sed
1135 4611 1169 4666 et
1185 4611 1285 4684 caput
1302 4601 1425 4666 osculis

1058 4718 1190 4760 summa
1207 4699 1391 4761 reverentia

1059 4793 1265 4858 Contrectati
1283 4793 1415 4874 suimus,

1058 4890 1105 4952 sic
1122 4901 1301 4971 utrumque
1316 4888 1498 4955 clausimus

1061 4987 1119 5050 sed
1137 4987 1169 5048 in
1187 4985 1285 5049 theca
1301 4983 1376 5052 alia.
