4096 5794
636 501 780 554 PROSAE
808 501 1011 553 ECCLESIAE
1038 503 1252 558 LVNDENSIS

1508 503 1574 577 571

392 718 474 790 407.
507 697 583 769 na
612 697 878 772 vnnucm
912 699 1179 772 nnmssvs
1208 699 1508 772 urrunnun.

629 894 640 939 1

406 1013 505 1078 Dulci
522 1035 604 1079 voce
620 1025 761 1093 resonet,

405 1110 502 1174 dulce
518 1111 623 1174 melos
640 1113 770 1175 intonet

404 1207 460 1269 die
475 1205 537 1270 hac
556 1207 726 1286 Ecclesia;

406 1302 506 1366 Diem
524 1303 644 1367 festum
661 1306 802 1386 agimus,

404 1398 584 1480 Virginum
601 1401 777 1464 recolimus

404 1504 534 1559 saerata
551 1497 718 1580 martyria

623 1637 641 1682 2

403 1740 532 1806 Harum
550 1744 657 1827 prima
675 1745 807 1822 Ursula,

405 1837 524 1901 nobilis
541 1849 575 1904 et
590 1841 682 1923 regia

405 1933 534 2022 fulgens
551 1937 781 2016 sanctimonia,

406 2028 491 2094 Cum
509 2031 541 2094 in
559 2053 716 2114 sponsam
734 2033 912 2116 quaeritur,

402 2145 545 2208 sponsus
561 2130 608 2192 sic
624 2130 828 2212 protrahitur

402 2224 514 2304 sagaci
531 2226 730 2306 prudentia:

623 2381 640 2444 3

406 2489 560 2572 Spatium
578 2494 721 2571 triennii,

403 2599 436 2653 et
451 2602 566 2656 coetus
581 2593 720 2677 virginei

405 2690 535 2770 expetit
551 2691 672 2754 solatia
686 2714 692 2770 ;

404 2783 549 2849 Undena
566 2797 644 2849 sunt
661 2787 764 2850 millia

402 2880 490 2944 clara
500 2899 551 2944 ¹ex
568 2884 725 2966 prosapia

401 2980 482 3042 data
497 2981 586 3044 dotis
602 2983 717 3063 gratia.

619 3124 641 3183 4

404 3231 554 3314 Quarum
572 3233 614 3296 ad
631 3232 792 3316 obsequia

402 3328 556 3391 undecim
575 3329 708 3411 navigia

399 3423 458 3487 dat
475 3423 595 3506 regalis
611 3426 716 3508 copia,

401 3521 523 3586 Ursula
539 3531 619 3586 tunc
635 3522 759 3605 inclyta

397 3626 549 3702 gaudens
566 3624 676 3704 prodit
692 3624 807 3686 abdita

401 3717 484 3782 haec
501 3719 548 3781 eis
566 3721 746 3802 mysteria:

1258 893 1272 956 5

1036 1015 1234 1081 “Christum
1252 1037 1412 1100 sponsum
1430 1016 1518 1098 eligo

1036 1121 1069 1175 et
1086 1112 1262 1176 mortalem
1280 1112 1423 1194 negligo
1541 1145 1544 1150 ·

1037 1208 1135 1272 facite
1152 1208 1280 1270 similia.
1299 1208 1314 1234 '’

1040 1304 1173 1368 Laudat
1189 1303 1308 1368 chorus
1325 1303 1490 1386 virginum

1038 1401 1172 1482 reginae
1187 1399 1362 1462 consilium
1379 1421 1386 1476 ;

1037 1505 1199 1579 spernunt
1216 1516 1298 1560 mox
1313 1495 1477 1578 coniugia

1253 1619 1274 1680 6

1031 1742 1143 1808 Naves
1160 1745 1286 1808 intrant
1302 1745 1443 1823 concit0,

1035 1840 1108 1904 vela
1125 1841 1267 1904 tendunt
1284 1840 1404 1916 subito

1034 1936 1167 2018 fugiunt
1182 1937 1225 1998 de
1241 1936 1349 2018 patria
1364 1958 1372 2015 ;

1037 2032 1173 2098 Cedunt
1188 2041 1310 2096 cuncta
1327 2052 1483 2115 prospere

1033 2131 1132 2206 unda,
1149 2148 1238 2205 aura,
1253 2137 1404 2210 tempore

1036 2225 1099 2288 Dei
1117 2225 1334 2307 providentia.

1252 2377 1271 2442 7

995 2494 1191 2576 Flagrantes
1207 2492 1372 2556 desiderio

991 2614 1051 2676 pro
1067 2593 1230 2676 praescito
1247 2591 1406 2674 martyrio

1034 2690 1173 2754 veniunt
1191 2689 1366 2755 Coloniam
1383 2713 1390 2754 :

993 2787 1194 2850 Hunnorum
1213 2795 1293 2849 tune
1309 2805 1392 2867 gens
1408 2781 1536 2867 perfida

991 2902 1141 2945 ursorum
1159 2883 1264 2944 instar
1280 2881 1396 2944 rabida

1034 2979 1130 3044 insert
1147 2980 1198 3043 his
1215 2979 1386 3062 supplicia.

1252 3105 1271 3166 8

991 3231 1133 3294 Armata
1151 3230 1235 3292 ferro
1251 3229 1393 3292 dextera

989 3328 1190 3392 detruncant
1207 3325 1357 3388 membra
1373 3333 1495 3399 tenera,

987 3424 1045 3487 sed
1062 3424 1201 3486 vincunt
1216 3421 1378 3504 patientia
1393 3444 1401 3499 ;

988 3521 1153 3585 Madescit
1168 3520 1267 3584 tellus
1283 3519 1454 3600 sanguine,

986 3643 1047 3705 pro
1063 3631 1159 3684 tanto
1175 3620 1301 3702 gaudet
1317 3618 1451 3700 agmine

989 3738 1133 3800 superna
1148 3717 1231 3780 caeli
1248 3715 1346 3778 curia.

704 3922 735 3986 O
752 3921 871 3984 beatae
887 3919 1040 4002 virgines,

703 4018 807 4082 nostri
823 4016 895 4082 sitis
916 4035 1080 4081 memores
1096 4040 1102 4080 :

701 4115 819 4180 vestris
834 4113 1075 4178 interventibus

702 4211 800 4276 nobis
816 4211 859 4274 sit
875 4210 1039 4293 propitius

701 4309 796 4374 Mitis
813 4309 965 4392 Sponsus
976 4309 1164 4390 Virginum.

705 4407 807 4483 lesus,
822 4406 926 4469 iudex
943 4407 1104 4484 omnium,

702 4501 805 4564 donet
822 4501 886 4583 piis
902 4501 1026 4584 gaudia

701 4616 760 4679 per
775 4606 911 4660 aeterna
927 4597 1066 4660 saecula.

345 4739 392 4793 30
425 4723 559 4779 solatium
572 4725 710 4795 Hafirien.
725 4724 852 4778 Lunden.

347 4817 360 4874 5
376 4821 394 4858 e
425 4801 578 4858 concilium
591 4803 729 4874 Hasm'cn.
745 4803 872 4858 Lunden.

347 4896 363 4948 7
376 4900 393 4938 e
424 4883 461 4938 ad
475 4882 565 4937 instar
579 4883 716 4952 Hafm'en.
730 4883 867 4952 Lunden.,
881 4882 931 4938 fait
944 4901 981 4939 un
995 4900 1058 4939 vers
1071 4885 1144 4940 faux.

345 4977 363 5032 9
375 4967 424 5018 be
456 4963 532 5034 quod
544 4961 646 5018 vestris
660 4963 797 5029 Hafm'en.
808 4963 936 5020 Lunden.
