4116 5784
626 528 768 578 PROSAE
796 529 999 580 ECCLESIAE
1027 530 1264 582 MORINENSIS
1512 532 1583 604 353

630 725 712 812 246.
746 719 821 791 DE
857 718 1045 792 BEATA
1078 721 1272 794 MARIA.

634 933 645 978 ¹
1258 934 1281 995 4

368 1036 452 1115 Ave,
468 1038 584 1121 Virgo,
599 1037 699 1115 salve,
715 1037 852 1119 iignum,
1000 1037 1100 1102 Matri
1117 1036 1179 1101 iuit
1196 1037 1289 1103 Crux
1305 1037 1412 1103 dolori

368 1132 466 1197 laude
480 1134 592 1216 digna,
608 1133 706 1198 laude
722 1133 873 1214 dignum,
999 1134 1135 1214 quando
1151 1135 1235 1198 vidit
1251 1153 1348 1197 suum
1368 1134 1451 1197 mori

410 1228 527 1293 salutis
543 1229 726 1313 principia;
1044 1229 1159 1294 Crucis
1175 1249 1232 1292 ara
1250 1230 1371 1292 Filium
1387 1251 1395 1307 ;

368 1325 483 1407 Virgo,
498 1334 595 1408 porta
612 1345 709 1388 verae
725 1323 817 1402 lucis,
996 1324 1093 1388 Tunc
1110 1324 1269 1407 impletur
1284 1324 1462 1408 prophetia

369 1440 427 1502 per
442 1431 485 1495 te,
500 1441 625 1504 perque
641 1421 769 1504 iignum
787 1419 902 1485 Crucis
1001 1420 1169 1486 Simeonis
1186 1421 1219 1482 in
1238 1421 1347 1484 Maria

412 1517 511 1580 datur
526 1516 589 1579 reis
604 1517 710 1581 venia.
1043 1516 1167 1580 Christi
1182 1517 1287 1580 sensit
1302 1516 1462 1599 gladium.

632 1653 650 1700 2
1264 1651 1279 1716 5

372 1757 478 1839 Virgo
493 1759 587 1822 dedit
602 1758 798 1822 alimentum
1002 1757 1137 1822 Christo
1153 1779 1261 1842 pass0,
1274 1759 1381 1840 Virgo
1397 1756 1532 1839 quidem

373 1852 515 1931 Christo,
531 1855 583 1918 cui
601 1855 694 1920 Crux
710 1862 914 1918 tormentum
1001 1853 1072 1918 sola
1088 1863 1195 1919 totam
1212 1864 1323 1918 servat
1339 1853 1449 1928 fidem,

376 1993 380 2008 .
415 1958 449 2012 et
465 1958 642 2032 utrumque
658 1950 790 2032 posuit;
1049 1951 1241 2032 resurgendi
1258 1949 1412 2026 conscia;

373 2035 428 2100 Sic
445 2057 503 2118 per
520 2037 663 2101 Matrem
681 2045 714 2101 et
731 2057 789 2119 per
806 2034 946 2100 Crucem
1002 2037 1113 2100 Nemo
1130 2037 1271 2103 Crucem
1288 2035 1440 2100 adoravit

371 2132 449 2195 vicit
466 2131 618 2197 Christus
634 2132 764 2196 hostem
782 2143 909 2196 trucem
1001 2132 1109 2196 donec
1126 2134 1224 2197 Pater
1240 2133 1412 2196 suscitavit

415 2237 448 2292 et
463 2227 574 2291 caelos
590 2229 728 2312 aperuit.
1046 2229 1158 2292 lesum
1175 2230 1229 2293 die
1246 2227 1351 2292 tertia.

636 2367 653 2430 3
1264 2352 1285 2412 6

373 2468 487 2552 Virgo¹
504 2470 616 2534 Mater
632 2469 755 2535 Christi
773 2490 866 2551 pura,
1007 2470 1081 2533 Nisi
1098 2470 1204 2553 Virgo
1220 2469 1401 2552 peperisset

374 2563 466 2630 Crux
483 2586 625 2630 noverca
641 2567 740 2629 nimis
756 2566 838 2629 dura
1003 2575 1092 2630 certe
1107 2575 1239 2629 tantum
1256 2585 1340 2628 crux
1356 2563 1472 2626 fuisset

417 2662 531 2725 matris
548 2662 653 2726 nescit
670 2662 779 2725 ubera.
1049 2661 1218 2724 damnatis
1234 2659 1435 2743 supplicium
1453 2680 1459 2736 ;

375 2755 510 2820 Christo
525 2758 618 2821 dedit
635 2757 685 2820 lac
702 2757 822 2839 puelia,
1008 2757 1069 2819 Per
1085 2766 1127 2834 te,
1143 2757 1258 2838 Virgo,
1274 2755 1368 2820 Crux
1386 2753 1550 2828 laudatur,

375 2850 467 2916 Crux
485 2863 626 2932 acetum,
642 2853 695 2930 fel,
711 2852 864 2935 flagella;
1005 2852 1195 2928 honoratur,
1211 2852 1389 2929 adoratur;

416 2957 563 3013 tremunt
581 2949 700 3013 Matris
716 2950 852 3013 viscera.
1048 2948 1152 3011 habes
1168 2946 1389 3029 privilegium.

955 3076 974 3140 7

696 3185 786 3269 Ergo
803 3185 959 3260 Matrem,
974 3203 1054 3264 ergo
1072 3181 1198 3263 lignum

694 3301 889 3345 veneremur
905 3300 964 3363 per
980 3279 1161 3361 benignum

738 3377 802 3441 Dei
820 3377 926 3441 Patris
944 3375 1076 3453 Filium,

694 3473 743 3538 Ut
760 3493 818 3557 per
835 3473 978 3534 Matrem
996 3479 1029 3533 et
1045 3490 1104 3552 per
1116 3468 1257 3534 Crucem

694 3568 877 3631 habeamus
894 3565 1064 3630 Christum
1080 3565 1200 3628 ducem

738 3665 780 3727 ad
797 3672 968 3727 aeternum
986 3661 1155 3743 gaudium.

370 3833 450 3888 Certe
465 3832 551 3886 Prose
568 3847 599 3886 se
611 3829 643 3884 lit
661 3829 733 3884 dans
753 3831 961 3894 Bnmuouum,
981 3823 1146 3879 Pamassus
1166 3825 1417 3894 Marianus,1624‚
1429 3842 1455 3895 p.
1463 3837 1526 3892 334.
1552 3823 1597 3876 'Le

329 3921 405 3967 texte
417 3925 460 3968 est
473 3911 618 3982 identique
632 3909 649 3963 a
669 3910 742 3965 celui
755 3927 811 3980 que
824 3923 896 3963 nous
909 3903 1051 3975 publions.

644 4219 725 4290 247·
763 4194 838 4267 DE
875 4191 1062 4265 BEATA
1099 4185 1293 4259 MARIA.

645 4433 655 4476 1
1274 4419 1292 4464 2

381 4541 575 4605 insistentes
592 4547 670 4603 tuae
686 4533 786 4610 laudi,
1011 4526 1173 4590 Nostrum
1190 4522 1332 4606 gignens
1350 4516 1570 4590 Salvatorem,

380 4638 411 4704 O
428 4635 536 4700 Maria
553 4643 668 4710 mater,
683 4631 773 4706 audi,
1011 4622 1104 4686 Evae
1120 4619 1293 4701 planctum
1307 4625 1341 4680 et
1357 4629 1554 4684 moerorem,

423 4731 540 4815 culpas
556 4739 686 4794 nostras
701 4726 816 4801 abiice,
1050 4715 1120 4780 eius
1137 4733 1231 4778 verso
1247 4712 1399 4819 nomine&
1436 4804 1444 4818 ·

382 4828 454 4893 Nec
470 4827 644 4911 permittas
660 4843 718 4888 eos
734 4819 842 4886 claudi
1016 4814 1053 4875 ln
1070 4810 1230 4894 gaudium
1246 4805 1465 4880 transtulist1;

383 4924 445 4990 sub
460 4943 578 5000 errore,
594 4941 702 5003 neque
718 4915 826 4981 fraudi
1014 4909 1077 4972 hoc
1093 4905 1217 4969 idcirco
1235 4901 1382 4967 meruisti

428 5019 525 5085 subdi
542 5017 735 5082 diabolicae.
1057 5001 1194 5066 salutari
1211 4999 1356 5063 carmine
1374 5019 1381 5060 :

403 5181 419 5216 B
495 5189 500 5200 .
