4102 5790
512 477 582 568 136
816 500 958 554 Prosus
986 505 1190 560 accessum
1216 511 1477 566 urucoususrs

793 681 850 770 89.
886 681 959 756 DE
990 683 1214 762 SANCTO
1246 689 1479 770 LAZARO.

818 861 829 906 l

593 946 713 1029 Fulget
731 949 803 1012 dies
820 949 968 1027 celebris,

594 1045 717 1108 mentis
734 1046 838 1128 pulsis
855 1049 1011 1128 tenebris,

593 1141 741 1222 gaudeat
759 1141 918 1208 Ecclesia.

812 1263 830 1310 2

594 1349 677 1412 Dies
693 1358 745 1412 est
761 1350 919 1429 laetitiae,

593 1444 717 1508 adsunt
734 1447 822 1509 enim
841 1447 942 1512 hodie

594 1539 712 1602 Lazari
731 1541 916 1609 sollemnia.

595 1634 698 1698 Cuius
716 1639 886 1700 revocatio

593 1729 769 1792 criminum
788 1733 940 1798 remissio

595 1825 657 1888 reis
674 1837 822 1908 praestat
837 1830 970 1911 gaudia.

595 2045 657 2109 Per
671 1961 871 2130 conceptirm
888 2050 1038 2135 Virginis

593 2140 735 2206 sormam
753 2164 888 2208 sumens
905 2146 1051 2212 hominis

592 2237 658 2300 Dei
676 2237 860 2320 Sapientia,

592 2331 707 2397 Verba
723 2335 813 2398 vitae
828 2339 1026 2418 praedicans

592 2428 680 2491 vitae
697 2430 766 2493 vias
784 2431 935 2496 indicans

592 2527 684 2588 venit
701 2526 733 2589 in
751 2527 924 2594 Bethania.

598 2745 775 2827 Praeparat
792 2659 974 2831 hirspitium

575 2898 576 2902 ,
594 2861 731 2906 cernens
749 2844 812 2906 Dei
831 2845 952 2910 Filium

595 2937 729 3002 Martha
745 2941 881 3020 quidem
898 2944 989 3006 socia

592 3033 673 3096 selix
692 3040 921 3118 unguentaria.

812 3171 826 3236 5

593 3263 828 3348 Obsequentes
843 3268 972 3334 homini

590 3361 783 3425 osculantur
801 3365 939 3428 Domini

596 3455 712 3534 Pedes,
729 3467 762 3520 et
778 3459 995 3539 creberrimis,

592 3551 701 3630 rigant
718 3571 775 3614 eos
792 3554 957 3638 lacrymis.

809 3673 831 3734 6

594 3772 644 3836 Ut
660 3772 743 3836 sciat
759 3795 818 3838 eur
833 3776 979 3860 lugeant,

593 3889 650 3932 cur
666 3884 812 3952 gemant,
828 3895 887 3938 cur
902 3877 1049 3957 doleant,

595 3968 738 4031 Mortem
757 3969 867 4034 fratris
884 3975 971 4036 unici

591 4083 673 4126 voce
690 4067 837 4146 produnt
853 4068 1004 4150 supplici.

809 4191 829 4256 7

550 4269 599 4334 Ut
615 4273 723 4335 amica
741 4273 795 4336 lex
813 4277 981 4357 poscebat,

547 4366 692 4430 fremens
708 4367 810 4432 tiebat
826 4382 859 4434 et
876 4372 1008 4436 dicebat

593 4463 686 4525 Iesus
703 4465 841 4528 adstans
858 4469 1009 4532 tumulo:

547 4557 626 4620 “Mi
643 4557 772 4635 dilecte,
789 4563 863 4624 veni
882 4563 969 4626 foras
983 4586 990 4643 ;
1003 4565 1020 4591 ”

546 4655 735 4737 appellatus
753 4661 858 4722 nescit
876 4681 995 4738 moras,

590 4753 729 4833 respirat
748 4755 778 4816 in
797 4757 921 4838 patulo,

1444 863 1463 923 8

1180 966 1342 1032 Veterata
1359 991 1447 1035 mors
1465 979 1588 1042 recedit

1179 1071 1213 1126 et
1230 1075 1353 1129 novata
1370 1069 1438 1132 vita
1455 1073 1541 1137 redit

1225 1162 1266 1224 ad
1286 1163 1429 1228 iubentis
1446 1167 1588 1236 libitum.

1182 1255 1382 1322 Redivivum
1402 1282 1494 1326 reum
1511 1265 1594 1332 solvi

1183 1351 1337 1416 Christus
1354 1356 1456 1436 iubet,
1472 1369 1506 1423 et
1521 1364 1630 1428 avolvi

1226 1449 1372 1533 lapidem
1390 1459 1591 1538 appositum.

1443 1591 1464 1654 9

1182 1679 1283 1764 Quod
1300 1684 1418 1751 indicit
1433 1710 1501 1753 vox
1520 1695 1670 1777 magistri

1181 1775 1280 1840 docta
1297 1781 1432 1864 supplet
1448 1805 1501 1850 ars
1519 1790 1671 1872 ministri,

1182 1869 1292 1936 Soluti
1310 1896 1392 1946 mox
1409 1879 1558 1946 fasciculi

1181 1967 1351 2035 resolvunt
1369 1992 1458 2040 seras
1475 1980 1604 2048 tumuli.

1435 2109 1474 2158 10

1182 2190 1285 2274 Lapis
1301 2215 1423 2280 urgens
1439 2203 1652 2290 degradatur,

1180 2286 1283 2351 homo
1299 2293 1388 2358 vitae
1405 2299 1601 2382 resignatur,

1179 2381 1342 2451 Adstanti
1359 2390 1500 2475 loquens
1516 2402 1651 2484 populo,

1180 2479 1352 2548 confracto
1369 2493 1485 2554 mortis
1501 2495 1644 2564 vinculo,

1435 2621 1468 2666 ll

1356 2711 1480 2780 Sancte
1497 2719 1571 2798 Dei,

1353 2810 1478 2894 quique
1494 2819 1540 2880 rei

1354 2904 1439 2980 infra
1455 2909 1588 2978 thorum

1355 3001 1510 3068 vitiorum

1354 3095 1420 3158 iarn
1437 3103 1569 3181 sepulti,

1352 3209 1412 3272 spe
1428 3195 1565 3276 suffulti,

1223 3288 1280 3344 tua
1297 3298 1439 3364 poscunt
1457 3311 1617 3364 munera:

1263 3371 1264 3374 '
1355 3382 1458 3448 Posce
1475 3389 1537 3452 rite

1354 3477 1482 3561 Regem
1500 3487 1589 3552 vitae

1354 3581 1389 3635 ut
1406 3595 1466 3639 nos
1483 3588 1559 3644 tuos

1354 3679 1455 3751 atque
1470 3695 1548 3739 suos

1355 3771 1498 3832 mundos
1516 3771 1607 3838 faece

1355 3870 1413 3925 tua
1429 3885 1526 3946 prece

1225 3955 1402 4020 transferat
1419 3961 1461 4022 ad
1479 3983 1609 4046 supera,

1434 4102 1469 4146 12

1353 4197 1421 4262 Ubi
1440 4201 1510 4265 dies

1353 4304 1403 4358 est
1419 4306 1452 4360 et
1469 4300 1563 4380 quies

1350 4408 1418 4470 pax
1436 4393 1604 4474 sollennis,

1352 4496 1384 4548 et
1401 4494 1556 4568 perennis

1351 4581 1422 4645 laus
1438 4597 1630 4654 sanctorum

1350 4677 1425 4740 Rex
1442 4701 1567 4760 eorum,

1219 4769 1273 4830 ubi
1290 4785 1411 4836 cuncta
1429 4798 1595 4861 prospera.

536 4917 746 4968 Manuscrlts.
764 4917 915 4970 AanLou
931 4935 937 4972 z
953 4918 1024 4973 Bibl.
1039 4920 1112 4975 dela
1125 4923 1206 4992 Ville,
1233 4941 1254 4994 ι,
1278 4929 1377 4985 Missel
1391 4933 1426 4986 de
1447 4935 1757 5010 Langres,1419,AM.

499 4994 637 5047 ΑυτυΝ;
661 4993 734 5048 Bibl.
756 4995 794 5048 du
817 4997 864 5050 Gr.
888 4998 973 5070 Sem,
997 4999 1098 5057 Missel
1120 5003 1252 5076 d'Autun,
1266 5009 1418 5082 rosiecle,
1433 5016 1496 5070 AR.
