4102 5790
581 507 725 561 erosas
754 507 961 560 scorastan
989 505 1313 560 nosuonnoansn
1510 485 1578 578 183

353 692 563 742 Manusorlts
581 688 782 743 PAR152Bibl.
804 689 830 741 N
834 697 882 756 at,
899 686 960 756 863,
976 686 1077 741 Missel
1097 686 1133 740 de
1152 688 1261 754 Rouen,
1281 691 1328 738 xve
1341 682 1436 753 siecle,
1455 683 1497 751 V,·
1518 685 1580 754 867,

321 768 420 822 Missel
433 767 472 822 du
485 768 580 835 Mans,
590 775 637 822 xv⁰
650 767 745 836 siecle,
765 769 804 821 W
807 788 822 833 ,·
851 780 913 837 905,
928 766 1053 822 Graduel
1068 767 1104 821 de
1118 768 1227 835 Rouen,
1241 773 1288 820 xve
1301 764 1395 832 siecle,
1408 765 1441 816 X
1442 783 1458 830 ,·
1486 778 1581 834 17317,

322 848 420 902 Missel
433 848 470 902 de
485 849 594 916 Rouen,
606 847 793 916 xv⁶siecle,'Z.
828 849 993 902 LONDRES:
1006 848 1166 916 Mus.Brit.,
1179 847 1342 916 CaligulaA
1353 857 1417 914 xlv,
1425 862 1489 900 vers
1503 845 1580 914 1185,

322 928 398 993 LD.·
427 927 503 982 Add.
521 927 614 997 11669,
628 928 691 984 nilie
703 929 798 998 siecle,
811 929 871 982 LF.

357 1050 396 1104 Le
410 1050 440 1104 P.
456 1051 512 1106 CH.
527 1051 655 1106 Caritate
665 1069 683 1106 a
695 1051 751 1108 cite
764 1052 901 1124 quelques
915 1067 979 1106 vers
992 1051 1029 1105 de
1042 1059 1117 1106 cette
1131 1051 1219 1104 Prose
1232 1049 1305 1104 dans
1328 1064 1380 1102 son
1394 1065 1518 1117 ouvrage
1532 1065 1581 1102 sur

320 1127 360 1184 les
374 1129 625 1202 Caractln'str'ques
636 1131 685 1187 des
697 1133 806 1201 Saints,
820 1149 865 1203 pp.
881 1143 932 1201 353
945 1143 974 1187 et
986 1133 1048 1198 607.

358 1284 403 1324 ta
434 1272 597 1327 extollendo
617 1272 1003 1343 VX.Z.LERotI10magen.
1038 1269 1196 1326 excolendo
1215 1269 1258 1324 W.
1274 1268 1460 1324 Cenomanen.
1493 1284 1576 1322 exco-

320 1349 406 1404 lenda
419 1351 682 1421 Lugdunen.,1524.
714 1353 876 1408 extollenda
890 1353 952 1406 LD.
986 1357 1007 1406 b
1038 1351 1263 1420 Redemptorem
1278 1349 1461 1404 Cenomanen.

355 1444 370 1484 2
384 1447 405 1485 a
435 1448 516 1500 reges
530 1431 564 1500 (!)
578 1433 746 1504 Lugdunen.
781 1439 803 1488 b
822 1433 920 1502 proles
931 1449 1055 1504 manque
1068 1431 1141 1486 dans
1154 1431 1214 1486 LF.

321 1589 338 1644 d
356 1525 371 1579 3
384 1527 404 1565 a
434 1512 518 1567 stella
529 1511 563 1580 (!)
577 1513 744 1583 Lugdunen.
770 1519 791 1567 h
813 1530 899 1567 aurea
912 1511 946 1581 (!)
959 1512 1128 1584 Lugdunen.
1152 1512 1207 1566 hoc
1227 1511 1254 1565 V.
1267 1510 1303 1564 X.
1314 1511 1347 1565 Z.
1368 1509 1440 1565 haec
1454 1525 1577 1580 manque

341 1591 464 1646 ansLF.

354 1688 404 1737 eo,
432 1673 498 1740 Quo
511 1671 679 1742 Lugdunen.

356 1763 400 1821 sa
433 1751 523 1820 Virgo
537 1753 705 1822 Lugdunen.
731 1758 752 1806 b
777 1754 853 1808 velut
867 1770 960 1808 rorem
973 1752 1142 1822 Lugdunen.
1168 1767 1276 1804 morem
1292 1748 1325 1816 (l)
1344 1749 1388 1804 W.
1414 1766 1431 1803 e
1453 1746 1578 1817 suscepit

320 1831 377 1886 LF.
401 1833 564 1900 Fn'singen.
595 1837 616 1886 d
649 1833 739 1887 Stella
752 1834 851 1888 florem
865 1833 897 1903 (l)
911 1833 1079 1904 Lugdunen.
1115 1849 1132 1886 e
1163 1831 1243 1900 virga
1261 1830 1465 1900 Rothomagen.
1498 1827 1579 1896 virga

319 1911 415 1966 florem
437 1913 479 1966 W.
492 1913 526 1966 Z.

353 1992 405 2046 6b
436 2009 509 2063 quae
522 1991 658 2045 virtutum
677 1990 705 2044 V.
723 1991 769 2046 W.
783 1992 820 2046 X.
836 1991 1020 2045 Cenomanen.
1044 1991 1246 2062 Rothomagen.
1273 1995 1295 2044 d
1320 1999 1348 2044 et
1367 2005 1413 2043 res
1431 1988 1491 2042 LF.
1511 1987 1578 2041 Fri·

319 2073 423 2143 singen.
437 2071 606 2142 Lugdunen.

354 2165 370 2218 7
384 2158 404 2206 b
438 2151 494 2206 Hic
508 2161 552 2206 est
564 2150 602 2204 X.
615 2149 650 2203 Z.
665 2149 851 2204 Cenomanen.
869 2149 1070 2220 Rothomagen.

356 2233 407 2286 8b
438 2233 491 2286 Est
504 2229 552 2286 hic
564 2228 647 2300 panis
661 2229 828 2300 Lugdunen.
865 2231 903 2284 Et
923 2229 969 2283 hic
988 2229 1070 2298 panis
1083 2227 1117 2283 Z.
1135 2228 1196 2283 LD.
1212 2227 1396 2282 cenomanen.
1416 2223 1581 2297 Frisingen.

320 2312 520 2383 Rothomagen.
547 2312 585 2364 Et
595 2309 641 2364 hic
654 2309 702 2380 qui
718 2309 776 2364 LF.
800 2309 929 2364 ascendit
944 2307 1143 2378 Rolhumagen.
1170 2306 1386 2364 Cetteclausule
1396 2315 1440 2361 est
1452 2307 1583 2378 reportee

319 2391 402 2462 apres
417 2393 443 2446 le
455 2389 601 2446 troisieme
613 2406 679 2444 vers
691 2390 766 2445 dela
778 2390 895 2461 strophe
908 2405 925 2458 9
938 2389 1010 2444 dans
1029 2389 1058 2444 V.

354 2487 372 2541 9
391 2473 432 2527 La
446 2471 571 2527 seconde
583 2470 675 2541 partie
683 2469 719 2525 de
729 2479 804 2526 cette
815 2470 932 2540 strophe
944 2485 1068 2540 manque
1079 2467 1152 2522 dans
1164 2467 1225 2521 LF.
1236 2467 1400 2537 Frist'ngen.
1410 2465 1580 2538 lugdunen.

341 2567 373 2606 to
385 2569 404 2607 a
436 2561 517 2607 tanta
530 2550 639 2605 ditatae
649 2549 697 2604 LI.
712 2549 914 2621 Rothomagen.
941 2559 1022 2604 tanta
1034 2549 1145 2604 ditante
1164 2547 1190 2602 V.
1203 2548 1237 2601 Z.
1263 2547 1378 2601 dicante
1391 2547 1428 2602 X.
1455 2545 1580 2601 Deitatis

319 2633 408 2702 gloria
431 2633 490 2686 LF.
514 2631 677 2701 Frisingen.
712 2630 836 2685 Deitatis
857 2632 949 2699 gratia
971 2629 1139 2700 Lugdunen.
1175 2633 1197 2682 b
1231 2629 1294 2681 Nos
1313 2643 1426 2682 reorum
1448 2627 1482 2682 Z.
1516 2627 1580 2681 Vox

321 2729 432 2768 reorum
454 2712 624 2782 Lugdmten.
663 2711 727 2766 Nos
746 2728 843 2766 earum
865 2711 961 2780 cingat
986 2710 1045 2764 LF.
1064 2709 1227 2779 Frisingen.
1260 2723 1336 2762 nunc
1355 2706 1495 2763 memoria
1516 2707 1577 2763 LF.

273 2852 277 2860 ¹
321 2793 481 2864 Fn'singen.
496 2791 664 2862 Lugdunen.
1070 2793 1072 2799 '
1102 2855 1103 2858 Ἴ

341 2887 368 2926 11
385 2890 405 2928 a
436 2872 515 2926 Dum
536 2871 598 2926 LD.
636 2872 721 2925 Nunc
740 2870 800 2924 LF.
815 2870 977 2940 Frisingen.
1011 2866 1134 2938 rogastis
1157 2866 1196 2922 X.
1231 2866 1337 2938 rogetis
1356 2867 1416 2922 LF.
1450 2866 1579 2937 rogitetis

322 2953 483 3024 Fn'sr’ngen.

342 3047 372 3087 12
386 3049 406 3088 a
437 3033 587 3086 Praestare
599 3030 655 3085 hoc
668 3029 779 3084 debetis
793 3029 852 3084 LF.
867 3027 1031 3096 Frisingen.
1057 3031 1079 3080 b
1106 3025 1222 3080 adstare
1234 3026 1294 3080 LF.
1305 3025 1469 3096 Frisingen.

340 3127 400 3180 130
430 3113 586 3183 psallentes
606 3110 649 3165 W.
675 3110 831 3181 psallemus
850 3108 878 3162 V.
898 3108 941 3163 W.
955 3109 992 3160 X.
1007 3107 1040 3160 Z.
1067 3107 1108 3160 La
1127 3107 1243 3176 strophe
1262 3116 1304 3161 est
1323 3107 1484 3177 remplacee
1503 3107 1576 3161 dans

320 3193 378 3248 LF.
391 3202 420 3247 et
432 3193 595 3263 Fra'n'ngen.
610 3207 662 3262 par
675 3209 681 3245 :

741 3293 782 3349 Ut
795 3294 824 3348 io
837 3309 929 3348 coena
940 3292 1066 3363 generali

740 3375 914 3430 exsultantes
927 3373 1034 3445 pariter

742 3456 780 3508 Et
793 3455 822 3508 in
836 3463 916 3508 veste
928 3453 1048 3523 nuptiali

742 3535 865 3604 psallant
879 3543 946 3589 tunc
959 3533 1098 3588 alacriter.

355 3663 374 3712 d
388 3676 404 3712 e
418 3663 432 3712 r
444 3665 600 3728 manquent
614 3657 688 3712 dans
700 3658 869 3728 Lugdunen.
895 3656 943 3728 qui
956 3655 1052 3726 ajoute
1065 3653 1247 3723 simplement
1259 3652 1344 3723 apres
1358 3669 1393 3708 o:

740 3789 892 3852 precantes
907 3780 991 3834 illum
1005 3777 1115 3848 iugiter.

351 3893 365 3942 t
394 3888 515 3946 audistis
530 3888 567 3942 X.
581 3887 615 3942 Z.

339 3983 402 4035 14a
433 3967 492 4024 Ubi
508 3967 570 4022 LD.
597 3972 618 4022 b
644 3965 704 4021 Ubi
717 3965 781 4022 LD.

339 4061 368 4117 ις
383 4066 402 4103 a
434 4048 477 4104 lbi
491 4047 525 4103 Z.
552 4056 643 4102 mater
654 4045 718 4100 LD.
745 4051 767 4101 b
786 4046 981 4101 Decantemus
996 4041 1125 4098 Osianna
1138 4041 1201 4104 LD.

340 4143 372 4195 14
383 4139 410 4184 et
427 4143 457 4200 15
471 4136 628 4198 manquent
649 4126 721 4182 dans
734 4126 794 4182 LF.
808 4127 970 4194 Frisingen.
986 4123 1177 4194 Lugdunen.,·
1203 4122 1238 4176 ils
1259 4129 1324 4176 sont
1345 4120 1504 4192 templaces
1525 4137 1577 4190 par

320 4208 360 4263 les
373 4225 435 4264 vers
448 4209 576 4264 suivants
589 4208 662 4263 daus
676 4206 737 4262 LF.
751 4216 779 4262 et
792 4205 954 4275 Fnsingm.

936 4353 968 4406 14

744 4457 781 4511 Et
795 4473 859 4511 cum
871 4455 977 4510 sanctis
990 4455 1019 4509 in
1033 4453 1164 4524 supernis

742 4535 869 4590 fruantur
881 4535 964 4590 donis
977 4534 1112 4602 aeternis,

742 4618 785 4670 Ac
800 4615 895 4670 Maria
906 4631 960 4670 nec
972 4632 1030 4670 non
1043 4624 1134 4669 matre
1209 4651 1214 4666 .

742 4713 794 4750 suo
809 4697 886 4752 Nato
899 4705 985 4766 atque
999 4697 1092 4750 Patre.

936 4847 966 4906 15

746 4956 827 5013 Istud
838 4957 924 5012 Anna
936 4973 1001 5011 cum
1016 4955 1110 5012 Maria

743 5037 826 5094 nobis
839 5045 965 5110 praestet
977 5051 1063 5109 prece
1075 5035 1130 5108 pia
