4108 5794
564 455 705 505 PROSAE
734 457 937 510 ECCLESIAE
965 460 1297 514 MONASTERIENSIS
1506 471 1550 518 22
1557 469 1576 542 5

613 708 691 780 150.
723 687 798 760 ou
829 688 1053 767 snuc'ro
1085 692 1278 769 anuo

624 933 633 977 ¹
1251 939 1267 1002 3

407 1071 530 1136 Sancte
547 1071 658 1147 Paule,
676 1073 793 1136 merita
1033 1076 1064 1142 O
1082 1075 1141 1140 lux
1158 1079 1355 1162 apostolica,

404 1180 462 1234 tua
477 1168 626 1232 colentes
643 1169 779 1250 inclyta,
1031 1173 1140 1236 adhuc
1158 1174 1254 1238 nobis
1274 1175 1386 1239 indica

403 1266 513 1330 refove
529 1264 737 1342 clementius,
1032 1269 1075 1330 de
1091 1270 1157 1333 tuis
1173 1271 1376 1336 excessibus.

400 1363 453 1426 Ac
470 1361 593 1424 sanctis
610 1363 642 1423 in
661 1360 851 1442 Scripturis,
966 1401 1008 1411 -
1031 1367 1047 1395 “
1066 1363 1197 1446 Raptus
1215 1366 1247 1428 in
1267 1367 1473 1447 Paradisum,

402 1457 525 1541 apertis
542 1467 575 1520 et
591 1457 750 1534 obscuris,
1031 1459 1216 1524 humanum
1234 1462 1372 1526 vincens
1388 1464 1509 1543 visum,

403 1555 528 1618 instrue
545 1572 606 1616 nos
622 1552 753 1616 clarius.
1031 1555 1163 1621 fruebar
1179 1557 1389 1626 caelestibus.
1402 1559 1418 1588 ’³

621 1727 638 1772 ²
1249 1734 1271 1797 4

404 1864 616 1928 Praedicator
632 1864 769 1946 optime,
1034 1868 1103 1934 Ora
1119 1869 1184 1932 tuis
1202 1869 1365 1953 precibus,

402 1970 517 2024 contra
534 1960 667 2024 morbos
684 1961 817 2024 animae
1030 1965 1117 2028 sicut
1132 1964 1213 2028 olim
1230 1963 1374 2044 fletibus,

401 2057 454 2120 dic
470 2057 579 2138 qualis
595 2056 640 2118 sis
656 2076 767 2138 opere.
1030 2080 1090 2142 pro
1106 2061 1231 2124 sanctis
1246 2062 1436 2127 viventibus
1450 2083 1459 2143 ;

340 2190 380 2200 -
402 2153 470 2216 “In
488 2152 601 2216 labore
617 2153 750 2234 saepius
1033 2155 1147 2220 Flecte
1162 2167 1221 2220 tua
1236 2176 1348 2240 genua

401 2250 432 2311 in
452 2259 545 2312 aestu
563 2247 776 2331 frequentius,
1031 2252 1073 2316 ad
1092 2253 1234 2331 Patrem,
1250 2265 1287 2317 ut
1303 2255 1400 2319 venia

402 2345 542 2422 vinctus,
557 2354 590 2408 et
606 2345 638 2407 in
656 2364 795 2408 carcere.
808 2344 824 2370 ”
1031 2348 1130 2412 detur
1145 2350 1409 2432 poenitentibus.

922 2493 936 2559 5

747 2614 802 2676 Da
817 2615 940 2678 virtute
956 2616 1092 2698 spiritus

746 2731 812 2773 non
830 2713 960 2792 gravari
979 2711 1140 2795 [penitus]
1190 2797 1192 2802 Ι

745 2809 803 2870 sed
821 2828 965 2890 superna
982 2829 1141 2892 quaerere
1158 2831 1165 2888 ;

747 2903 801 2966 Da
818 2911 894 2984 post
910 2904 998 2966 vitae
1014 2905 1197 2968 terminum

745 2997 955 3081 Angelorum
973 2999 1160 3063 Dominum

746 3095 818 3160 sine
835 3095 900 3158 fine
916 3117 1058 3161 cernere.

352 3328 361 3367 1
378 3319 398 3369 b
428 3320 479 3368 tua
492 3314 586 3370 donne
604 3331 641 3369 au
655 3331 718 3367 vers
732 3330 787 3368 une
800 3313 908 3383 syllabe
920 3314 957 3368 de
969 3325 1044 3384 trop.
1077 3311 1182 3368 Feut-il
1195 3313 1320 3384 corriget
1338 3312 1512 3368 recolentes?

303 3445 304 3448 ,
345 3397 387 3461 3Ι
416 3393 554 3449 fruebaris
569 3393 780 3458 Monoleum„
793 3393 843 3448 fait
858 3411 894 3448 un
909 3410 971 3447 vers
983 3393 1057 3448 faux.
1092 3393 1115 3446 ΙΙ
1126 3403 1169 3448 est
1183 3392 1396 3464 indispensable
1408 3392 1444 3448 de
1456 3390 1572 3446 retablir

302 3473 444 3542 fruebar:
457 3475 485 3528 la
498 3475 622 3529 seconde
635 3489 775 3544 personne
788 3483 831 3536 est
845 3474 985 3527 contraire
999 3490 1035 3527 au
1049 3473 1162 3542 rythme
1174 3483 1202 3528 et
1215 3490 1251 3528 au
1271 3491 1345 3528 sens.
1373 3475 1427 3528 Les
1440 3470 1571 3542 strophes

314 3563 367 3608 zet
380 3569 395 3622 3
409 3554 580 3609 renierment
593 3571 630 3608 un
645 3563 827 3607 mouvement
841 3553 889 3624 qui
903 3570 939 3608 ne
953 3569 1077 3623 rnauque
1090 3569 1142 3622 pas
1156 3553 1191 3608 de
1205 3553 1328 3622 lyrisme.
1358 3555 1441 3607 Dans
1454 3552 1495 3606 les
1507 3567 1572 3605 vers

315 3651 335 3688 a
347 3639 368 3688 b
380 3652 398 3690 c
411 3652 447 3688 on
462 3633 603 3704 interroge
617 3634 698 3688 Sainr
714 3633 782 3686 Paul
796 3653 802 3697 ;
824 3633 843 3687 il
856 3631 964 3702 repond
976 3633 1049 3687 dans
1072 3633 1113 3686 les
1136 3649 1199 3687 vers
1213 3638 1233 3686 d
1248 3650 1265 3686 o
1279 3639 1300 3688 f.
1328 3633 1368 3687 La
1388 3633 1509 3702 reponse
1529 3639 1572 3684 est

313 3713 405 3770 meme
418 3715 570 3785 composee
583 3715 600 3768 ὲ
613 3713 726 3768 dessein
740 3712 776 3766 de
788 3723 894 3767 termes
907 3712 1070 3782 empruntes
1084 3712 1235 3781 bl'Apotre
1248 3713 1321 3767 dans
1334 3729 1380 3767 ses
1394 3697 1517 3782 Epitres.

350 3807 363 3863 5
378 3800 398 3850 b
428 3811 485 3850 non
498 3794 608 3864 gravari
622 3792 727 3846 infimis
741 3793 941 3846 Monosterien.
975 3792 1014 3846 Le
1028 3801 1086 3846 mot
1100 3792 1207 3860 infimis
1214 3801 1257 3846 est
1271 3809 1326 3846 une
1338 3793 1418 3862 glose
1431 3789 1572 3845 contraire

314 3875 372 3928 ula
383 3873 462 3929 rime.
490 3876 537 3929 Un
551 3884 639 3929 terme
653 3888 765 3926 comme
767 3872 909 3942 funditus
928 3889 963 3926 ou
972 3873 1089 3942 penitus
1108 3869 1169 3925 doit
1189 3871 1268 3926 avoir
1287 3873 1411 3943 disparu.
1439 3871 1521 3924 Nous
1544 3869 1571 3923 le

315 3953 497 4009 retablissons
507 3965 587 4008 entre
599 3952 737 4008 crochets.
1317 3967 1319 3972 ·
