4108 5794
491 515 563 584 260
774 529 915 580 mosne
942 527 1147 580 ECCLESIAE
1173 525 1467 578 ruxnaurasms

565 729 642 802 171.
677 707 734 782 IN
766 706 1140 782 VlSlTA'llONE
1178 705 1402 780 BEATAE
1435 703 1669 798 MARlAE.

1112 901 1123 948 l

704 1051 836 1134 Virgini
860 1053 1043 1114 immensae
1065 1059 1240 1113 cantemus
1263 1048 1435 1122 honorem,

704 1147 841 1211 vocibus
865 1147 1002 1210 alternis
1026 1145 1245 1209 memorando
1268 1154 1411 1226 tempus,

705 1242 853 1327 Quando
877 1243 941 1306 Dei
966 1252 1073 1306 mater
1096 1242 1155 1306 ivit
1178 1242 1221 1305 ad
1247 1241 1410 1304 minorem

704 1338 885 1404 conficiens
908 1347 1041 1403 tantum
1066 1339 1200 1420 pietatis
1223 1357 1317 1420 opus.

1111 1493 1129 1538 2

708 1615 894 1698 Egrediens
918 1615 1003 1678 miro
1027 1622 1180 1677 movetur
1201 1631 1336 1688 amore;

705 1723 822 1794 pectus
845 1711 874 1775 ei
900 1729 1023 1793 magna
1046 1709 1190 1773 charitas
1214 1708 1395 1772 accendit:

707 1809 808 1873 Unde
832 1807 1012 1872 tenerrima
1037 1805 1117 1870 nulli
1141 1825 1281 1888 parcens
1305 1824 1420 1866 morae

705 1905 828 1970 montis
856 1905 888 1967 in
913 1901 1084 1966 excelsum
1108 1900 1272 1966 festinans
1295 1900 1458 1964 ascendit.

1109 2057 1126 2121 3

707 2181 816 2245 Intrat
839 2181 882 2244 ad
906 2177 1062 2243 ancillam
1088 2178 1203 2262 regina
1226 2177 1406 2257 caelorum,

705 2277 839 2360 eloquio
862 2275 950 2339 dulci
975 2283 1155 2358 cognatam
1180 2274 1314 2352 salutat,

632 2371 634 2377 ’
706 2373 778 2438 Nec
802 2393 904 2448 mora,
927 2373 1007 2435 dum
1032 2373 1135 2435 sentit
1160 2371 1288 2454 Regem
1313 2369 1522 2454 angelorum,

705 2471 844 2535 claudus
867 2468 976 2532 adhuc
1000 2467 1077 2531 alvo
1101 2468 1270 2532 lohannes
1294 2468 1453 2532 exsultat.

1107 2627 1129 2688 4

707 2749 738 2814 O
762 2748 847 2832 piuS,
870 2747 901 2812 Ο
925 2747 1031 2810 dulcis
1054 2746 1230 2828 ambarum
1254 2745 1473 2830 complexus!

705 2846 784 2911 Una
809 2845 884 2908 Deo
907 2842 1007 2926 plena
1030 2842 1169 2908 alteram
1194 2843 1341 2926 replevit,

708 2941 797 3004 Nam
822 2937 906 3003 fiunt
930 2941 1084 3022 utrinque
1109 2937 1263 3002 Paracliti
1288 2959 1397 3003 nexus

704 3037 760 3120 qui
783 3056 841 3100 cor
863 3045 897 3100 et
919 3033 1077 3099 affectum
1102 3035 1225 3118 pariter
1247 3035 1408 3118 explevit.

1111 3188 1126 3254 5

709 3313 807 3378 Nunc
833 3313 970 3378 miseros
993 3313 1130 3377 tandem
1154 3311 1337 3376 clementer
1359 3315 1456 3380 visita

708 3420 810 3492 atque
835 3409 946 3474 Iesum
972 3409 1069 3474 nobis
1092 3418 1249 3491 pacatum
1277 3412 1427 3488 ostende,

709 3506 818 3590 Virgo
841 3525 940 3588 super
963 3524 1081 3568 omnes
1104 3506 1251 3587 genitrix
1275 3506 1411 3587 inclyta,

706 3603 778 3666 sola
802 3601 937 3684 quidem
962 3621 1145 3684 perquam
1171 3602 1240 3665 nati
1264 3603 1381 3666 vivunt
1406 3603 1512 3668 Adae.

525 3760 564 3814 Le
576 3769 652 3816 texte
664 3761 701 3815 de
715 3770 790 3815 cette
804 3761 890 3814 Prose
904 3777 1028 3831 manque
1038 3759 1110 3814 dans
1128 3769 1208 3814 notre
1230 3761 1330 3816 Missel
1352 3761 1388 3816 de
1410 3763 1585 3819 Tarentaise.
1621 3766 1702 3819 Nous
1721 3765 1747 3820 le

491 3840 677 3896 rdtablissons
690 3839 801 3911 d’aprls
815 3841 839 3894 le
852 3840 952 3894 Missel
965 3840 1001 3894 de
1016 3841 1174 3908 Lausanne,
1192 3855 1266 3908 ¹493·

522 3973 570 4024 4c
601 3971 750 4032 utrumque
763 3960 953 4028 causamn„
972 3960 1068 4014 n'ofire
1087 3976 1178 4014 aucun
1197 3977 1270 4016 sens.
1302 3963 1383 4015 Nous
1403 3961 1591 4019 rdtablissons
1608 3969 1751 4036 ulra'nque.

712 4254 790 4326 172.
825 4233 899 4306 DE
930 4233 999 4306 SS.
1025 4233 1210 4306 PETRO
1242 4233 1314 4304 ET
1346 4233 1537 4308 PAVLO.

801 4435 813 4478 Ι
1431 4431 1447 4476 2

559 4537 619 4604 lsti
636 4547 714 4602 sunt
729 4539 817 4602 duae
833 4538 949 4615 olivae,
1191 4537 1278 4600 Mira
1293 4537 1429 4618 quidem
1447 4547 1497 4600 est
1514 4549 1679 4602 structura

555 4635 609 4698 isti
626 4637 713 4700 duae
730 4635 918 4717 primitivae
1188 4653 1275 4715 quae
1291 4630 1420 4695 levatur
1436 4633 1468 4694 in
1494 4654 1655 4715 pressura,

599 4731 727 4794 radices
746 4729 926 4794 Ecclesiae.
1235 4729 1308 4792 miri
1326 4738 1404 4792 sunt
1420 4728 1563 4794 artifices
1580 4751 1587 4808 ;

556 4827 602 4890 Hi
620 4828 767 4891 iecerunt
784 4825 1050 4902 fundamentum,
1187 4824 1340 4908 Quorum
1357 4824 1494 4907 sanguis
1510 4826 1716 4890 incremento

555 4922 648 4987 Deus
664 4923 757 4986 dedit
774 4921 1015 4986 incrementum
1186 4921 1307 5004 quibus
1323 4919 1407 4984 fiunt
1423 4922 1456 4998 in
1474 4931 1642 4986 tormento

598 5039 671 5085 rore
688 5038 767 5082 suae
783 5019 919 5102 gratiae.
1229 5025 1372 5081 tortores
1388 5015 1534 5100 opifices.
