4116 5784
644 538 787 592 PROSAE
814 539 1019 594 ECCLESIAE
1043 541 1279 595 MORINENSIS
1514 545 1586 619 333

636 737 652 803 5
1263 731 1285 792 6

377 887 467 952 Dum
483 887 652 951 caelorum
669 896 767 952 sonat
782 888 892 967 caelis,
1004 888 1112 972 Supra
1130 889 1213 972 legis
1229 892 1469 954 documentum

375 995 517 1068 quatuor
533 983 718 1049 Ezechielis
1003 985 1170 1068 eliquatur
1185 986 1262 1050 hinc
1279 987 1480 1050 frumentum

419 1091 556 1148 cantant
572 1081 752 1160 animalia;
1047 1083 1135 1147 unde
1151 1082 1224 1146 fluit
1241 1083 1359 1161 simila,

378 1179 495 1245 Dulcis
511 1199 623 1256 sonus,
636 1178 742 1242 dulcis
759 1189 848 1256 nota,
1004 1178 1101 1262 Quae
1117 1200 1178 1243 nos
1194 1200 1281 1262 pane
1298 1181 1404 1263 pascit
1420 1201 1460 1244 eo

377 1288 472 1344 notat
487 1287 581 1342 rotae
598 1276 707 1340 mixta
722 1283 795 1356 rota
1003 1297 1071 1359 quo
1086 1288 1269 1358 pascuntur
1281 1279 1345 1356 isti,
1361 1278 1422 1356 leo,

419 1376 496 1442 fidei
514 1374 681 1458 mysteria.
1049 1374 1160 1451 homo,
1177 1375 1237 1438 bos
1253 1383 1286 1439 et
1303 1374 1422 1458 aquila.

942 1521 961 1588 7

680 1651 832 1718 Adstant
848 1653 902 1717 isti
919 1653 1006 1718 circa
1022 1653 1191 1730 thronum,

680 1751 871 1817 haurientes
888 1753 1025 1818 verbum
1043 1755 1179 1832 bonum,

724 1847 830 1912 Verbi
847 1849 1012 1932 sapientia
1027 1871 1035 1928 ;

680 1941 833 2026 Quorum
849 1944 987 2009 verbum
1008 1966 1070 2010 nos
1085 1947 1252 2011 conducat

680 2039 714 2103 in
730 2039 873 2104 salutem
891 2050 925 2105 et
941 2042 1103 2124 perducat

724 2137 767 2200 ad
784 2147 922 2201 aeterna
936 2138 1071 2220 gaudia.

639 2487 722 2558 223.
758 2463 834 2538 bu
861 2461 979 2539 vno
1009 2463 1297 2541 MARTYRE.

644 2731 656 2776 ¹
1165 2789 1167 2795 ,
1273 2735 1291 2800 3

380 2868 530 2933 Laudem
547 2869 638 2934 dicat
653 2869 773 2933 chorus
790 2871 852 2934 iste
1008 2873 1127 2936 Fustes
1143 2874 1267 2956 sprevit
1283 2873 1331 2937 vir
1348 2875 1497 2958 insignis,

380 2967 465 3044 Tibi,
482 2967 588 3046 Pater,
603 2967 692 3044 Tibi,
708 2965 849 3046 Christe,
1009 2968 1143 3048 samem,
1159 2970 1260 3048 sitim,
1275 2981 1405 3036 aestum
1422 2973 1519 3056 ignis,

421 3064 509 3143 Tibi,
526 3063 650 3129 Sancte
667 3062 833 3146 Spiritus;
1052 3066 1174 3130 serrum
1192 3076 1225 3131 et
1241 3067 1406 3151 supplicia
1421 3090 1429 3148 ;

382 3163 421 3226 ln
437 3162 500 3226 hac
516 3163 581 3240 die,
598 3161 719 3226 nostris
736 3160 828 3226 festis
1010 3163 1050 3226 ln
1067 3184 1165 3248 quem
1183 3173 1290 3229 tortor
1306 3185 1373 3248 quo
1389 3165 1464 3250 plus
1480 3169 1600 3242 saevit,

381 3261 480 3338 adsis,
495 3269 529 3344 et
545 3259 599 3322 hic
615 3269 691 3324 tuus
708 3259 803 3323 testis
1011 3260 1086 3344 plus
1107 3269 1276 3326 tormenta
1291 3271 1413 3327 cuncta
1428 3266 1553 3347 sprevit

424 3359 511 3423 inter
526 3367 660 3421 sanctos
677 3355 830 3440 inclytus.
1055 3358 1210 3442 martyris
1226 3361 1424 3426 constantia.

644 3523 662 3571 2
1275 3528 1297 3590 4

383 3668 459 3747 Hic,
474 3675 585 3733 aetate
601 3667 667 3730 iarn
684 3676 861 3744 crescente,
1015 3665 1117 3732 Hunc
1133 3686 1194 3749 pro
1211 3686 1289 3731 vera
1307 3665 1431 3732 Christi
1448 3665 1514 3732 fide

383 3775 518 3832 sanctus
534 3764 653 3843 verbis,
669 3773 804 3828 sanctus
826 3772 947 3842 mente,
1015 3765 1113 3828 morti
1129 3765 1267 3829 tradunt
1283 3763 1492 3830 homicidae:

427 3873 563 3930 sanctus
579 3864 612 3926 in
629 3861 795 3945 operibus
1057 3861 1104 3925 sic
1120 3862 1239 3926 transit
1255 3862 1298 3926 ad
1315 3863 1448 3946 gaudia.

384 3961 592 4028 Praedicavit
606 3979 683 4024 cum
699 3960 830 4037 virtute,
1014 3957 1152 4024 Cunctis
1168 3959 1288 4040 spretis
1304 3959 1421 4041 poenis
1439 3959 1563 4038 mortis,

387 4061 514 4126 nullum
530 4059 662 4135 timens,
678 4049 809 4140 semper
824 4056 913 4121 vitae
1015 4055 1144 4120 caelum
1162 4055 1263 4120 intrat
1281 4055 1375 4120 miles
1391 4056 1495 4136 sortis,

430 4157 530 4224 fidem
547 4155 745 4222 infidelibus.
1041 4173 1135 4220 cum
1152 4171 1284 4216 summa
1299 4153 1445 4218 victoria

954 4303 970 4372 5

691 4443 791 4509 Miles
808 4442 933 4510 Christi
949 4442 1102 4527 gloriose,

690 4542 933 4606 concordantes
949 4540 1004 4604 isti
1020 4559 1139 4622 prosae

735 4637 870 4704 Christo
885 4634 1072 4713 reconcilia,

692 4733 743 4802 Ut
758 4742 835 4818 post
850 4751 983 4799 cursum
1000 4731 1098 4796 huius
1115 4730 1204 4796 vitae

693 4851 754 4895 nos
769 4838 907 4894 coronet
923 4827 1085 4905 Christus,
1097 4827 1154 4909 qui
1171 4834 1205 4891 te

737 4923 807 4992 Sua
823 4922 929 5006 replet
943 4923 1060 5013 gloria.
