4108 5794
506 485 575 554 242
786 485 927 536 PROSAE
955 485 1158 536 ECCLESIAE
1185 485 1478 538 XANCTONENSIS

809 677 828 742 7

550 799 606 865 Ad
623 799 712 863 hunc
728 801 865 864 veniens
882 801 1043 885 leprosus,

547 918 612 974 ore,
628 898 728 961 corde
745 897 961 981 lacrymosus,

591 994 660 1058 voti
677 1013 816 1076 compos
832 997 980 1074 exstitit;

548 1090 671 1154 Aridas
687 1089 866 1153 habentem
884 1111 1003 1154 manus

548 1187 645 1269 signo
661 1185 766 1249 crucis
782 1185 947 1250 Vivianus

590 1283 744 1366 sospitati
760 1284 936 1365 praestitit.

808 1425 826 1484 8

548 1561 631 1626 Orat
647 1557 788 1642 praesul,
804 1558 992 1632 exauditur.

546 1654 589 1718 ab
604 1653 732 1736 angelis
748 1653 826 1718 urbs
844 1655 990 1717 munitur

589 1759 793 1814 armatorum
811 1749 937 1832 specie;

546 1846 637 1910 Visis
654 1844 757 1910 Gothi
774 1853 992 1922 revertuntur,

547 1942 682 2026 quidam
700 1942 790 2004 unda
806 1941 1073 2024 submerguntur,

589 2038 719 2102 timoris
735 2037 888 2120 pernicie.

805 2194 826 2254 9

545 2315 653 2378 Boves
669 2311 770 2394 clepit
785 2310 836 2374 sur
850 2329 1002 2388 vesanus,

545 2409 733 2472 insensatus
749 2416 782 2470 et
800 2406 1001 2488 prophanus,

545 2525 644 2588 super
659 2505 779 2587 quibus
796 2503 960 2567 Vivianus

590 2600 750 2664 Tolosam
768 2609 980 2693 pervenerat:

1179 665 1287 728 Reum
1306 664 1382 729 furti
1396 685 1431 728 se
1448 664 1578 742 latetur,

1177 771 1210 826 et
1227 761 1321 826 fateri
1338 782 1405 826 non
1422 771 1561 839 veretur,

1177 859 1257 921 dum
1275 859 1307 923 in
1325 857 1399 922 loco
1414 859 1583 922 detinetur

1221 973 1289 1037 quo
1304 953 1427 1019 lurtum
1445 955 1665 1020 commiserat.

1431 1093 1469 1139 10

1175 1195 1380 1279 Applicante
1397 1206 1587 1273 mercatore,

1176 1292 1322 1373 pretioso
1338 1311 1413 1355 cum
1429 1311 1554 1368 cruore,

1176 1387 1357 1452 Vivianum
1374 1407 1449 1452 cum
1466 1397 1610 1452 tremore

1219 1483 1402 1548 daemones
1418 1483 1615 1562 vociferant;

1177 1579 1239 1643 Per
1254 1580 1405 1644 ordinem
1423 1599 1490 1642 rem
1508 1581 1649 1644 scientes

1175 1675 1319 1740 civitatis
1334 1677 1511 1758 sapientes,

1176 1771 1331 1854 reliquias
1348 1782 1555 1855 reponentes,

1219 1867 1308 1931 diem
1326 1867 1446 1932 festum
1464 1867 1593 1932 iterant.

1430 2017 1462 2063 ll

1177 2119 1256 2182 Post
1272 2117 1354 2182 haec
1371 2119 1518 2202 migrans
1530 2141 1574 2184 ex
1587 2119 1648 2184 hac
1661 2121 1738 2199 vita,

1175 2213 1282 2279 fidelis
1299 2215 1458 2294 Israelita,

1217 2311 1352 2376 intravit
1368 2313 1410 2376 ad
1428 2315 1577 2396 nuptias;

1177 2407 1233 2470 Ad
1249 2427 1342 2490 quas,
1358 2409 1421 2490 pie,
1437 2429 1507 2485 nos,
1523 2407 1700 2487 consessor,

1177 2511 1268 2566 stans
1284 2523 1344 2585 pro
1361 2502 1456 2565 nobis
1474 2503 1677 2582 intercessor,

1217 2598 1388 2682 pervenire
1405 2597 1517 2665 iacias.

541 2785 549 2823 1
566 2775 588 2826 d
619 2768 781 2824 collaudant
794 2769 977 2838 Xamtonen„
991 2765 1131 2822 contraire
1144 2766 1161 2820 a
1173 2767 1201 2821 la
1214 2767 1292 2822 rime.

538 2865 552 2903 2
567 2855 589 2906 d
620 2848 724 2920 regulis
738 2849 911 2902 Xanctonen.

537 2929 554 2984 6
567 2935 588 2985 b
620 2929 647 2984 ln
661 2927 792 2984 discretis
805 2927 980 2983 Xanctonen.

684 3232 762 3301 160.
795 3223 870 3298 DE
900 3224 938 3298 S.
971 3222 1254 3299 MAVRlTlO
1286 3221 1357 3297 ET
1386 3221 1577 3300 SOCllS.

810 3481 822 3526 1

548 3575 696 3640 Pretiosa
713 3595 801 3638 mors
818 3586 1008 3640 sanctorum

591 3674 624 3736 in
640 3679 821 3753 conspectu
839 3671 977 3735 Domini

548 3769 736 3851 Martyrum
754 3777 804 3831 est
820 3767 1065 3844 Thebaeorum,

593 3875 626 3928 et
643 3863 714 3926 laus
730 3883 791 3926 suo
806 3864 943 3940 nomini,

808 4001 826 4047 2

547 4099 614 4182 Qui
631 4108 682 4162 tot
698 4097 796 4160 simul
813 4098 986 4161 coronavit

588 4213 712 4257 corona
729 4193 887 4275 martyrii,

548 4292 593 4354 Et
609 4290 652 4354 ad
669 4287 780 4352 caelos
797 4287 990 4352 sublimavit

589 4387 632 4449 de
647 4395 734 4450 terra
751 4383 870 4447 exsilii.

677 4621 724 4684 Hi
742 4619 901 4698 Thebaei,

675 4717 760 4780 servi
778 4717 851 4794 Dei,

547 4814 669 4880 nullius
684 4813 832 4876 criminis
849 4812 904 4888 rei,

677 4909 870 4985 moriuntur,

678 5023 766 5068 nunc
782 5013 966 5087 sequuntur

1219 3464 1358 3548 Agnum
1375 3464 1447 3546 sine
1463 3466 1610 3543 macula;

1305 3559 1371 3644 Qui
1388 3561 1538 3624 viventes

1305 3657 1390 3721 inter
1406 3667 1532 3740 gentes,

1176 3773 1261 3836 quae
1277 3753 1430 3820 Caesaris
1446 3763 1524 3818 sunt
1539 3754 1724 3821 reddentes.

1304 3859 1337 3913 et
1353 3871 1440 3932 quae
1457 3849 1521 3913 Dei

1307 3946 1451 4010 reddunt
1469 3947 1520 4023 Ei,

1220 4043 1407 4124 regnabunt
1425 4042 1456 4105 in
1474 4042 1614 4108 saecula.

1434 4207 1455 4269 4

1176 4331 1328 4416 Quorum
1345 4333 1414 4396 vita
1430 4333 1575 4414 gloriosa

1177 4448 1318 4510 quorum
1337 4448 1425 4492 mors
1442 4438 1492 4492 est
1508 4430 1668 4512 speciosa,

1175 4543 1315 4606 quorum
1333 4524 1445 4606 passio
1461 4523 1569 4603 beata,

1174 4619 1295 4702 quibus
1312 4629 1419 4684 morte
1434 4619 1504 4684 vita
1518 4621 1607 4686 data

1176 4713 1327 4798 Quorum
1343 4715 1448 4780 virtus
1464 4717 1670 4797 admiranda,

1174 4831 1315 4894 quorum
1333 4811 1415 4876 fides
1431 4813 1612 4892 adoranda,

1175 4928 1315 4990 quorum
1332 4918 1411 4972 vota
1426 4919 1618 4974 consecrata

1176 5005 1208 5068 in
1226 5005 1325 5068 caelis
1342 5015 1419 5070 sunt
1434 5005 1605 5072 collocata.
