4102 5792
580 495 721 545 PROSAE
749 493 952 545 ECCLESIAE
980 493 1249 544 NANNETENSIS
1468 494 1541 562 499

288 733 909 830 35s.1usouLEMN1TnTE
928 733 1540 808 ommuusnucrouvm.

594 969 605 1012 1

332 1099 407 1160 Rex
424 1109 567 1176 aeterne,
582 1099 636 1182 pie
654 1099 760 1172 Pater,

330 1195 385 1276 pia
401 1195 498 1258 nobis
514 1194 620 1276 Virgo
638 1195 747 1257 Mater

373 1291 424 1355 Te
441 1292 573 1355 Patrem
585 1302 624 1355 et
642 1292 763 1355 Filium

332 1386 439 1450 Nobis
455 1387 547 1470 pium
566 1397 599 1452 et
615 1387 795 1471 placatum,

332 1484 427 1547 nobis
445 1485 569 1561 mitem,
585 1505 652 1547 non
671 1485 801 1560 iratum,

376 1580 472 1642 nobis
488 1581 546 1642 det
558 1580 750 1662 propitium.

594 1740 612 1783 2

336 1861 431 1924 Petre
447 1871 569 1943 pastor,
585 1881 706 1944 praeco
723 1861 834 1938 Paule,

335 1967 367 2020 et
383 1958 534 2021 caelestis
550 1959 660 2020 omnis
676 1957 772 2021 aulae

378 2067 488 2137 patres
505 2054 689 2137 apostolici,

271 2174 274 2182 ·
337 2151 443 2215 Nobis
459 2154 531 2216 sitis
548 2153 716 2216 adiutores

337 2259 368 2312 et
385 2249 520 2332 benigni
537 2247 728 2313 defensores

380 2357 412 2409 et
430 2345 588 2410 caelestes
605 2346 735 2409 medici.

600 2507 616 2568 3

340 2625 371 2689 Ο
390 2627 559 2704 Laurenti,
575 2626 606 2692 O
623 2627 791 2705 Vincenti,

340 2722 371 2787 Ο
388 2745 447 2787 vos
463 2744 579 2788 omnes
596 2725 628 2788 in
645 2727 811 2807 praesenti

383 2821 515 2885 saeculo
532 2822 727 2904 martyrium

341 2917 408 3000 Qui
424 2939 485 3002 pro
501 2919 634 2985 Christo
650 2920 841 3002 pertulistis,

340 3025 374 3077 et
390 3016 530 3080 victores
546 3017 732 3092 exstitistis,

385 3113 541 3192 praebete
557 3113 767 3195 praesidium.

335 3299 386 3348 ab
414 3312 515 3374 omnes
529 3296 766 3363 Nannelmnszo.

335 3390 381 3442 30
410 3378 505 3432 saeclo
518 3375 754 3442 Nanneten.r482.

335 3455 385 3508 ὀᾶ
417 3455 452 3510 sit
466 3456 704 3524 Nannetennszo.

1219 969 1240 1028 4

961 1098 991 1162 Ο
1009 1097 1106 1162 beate
1123 1098 1153 1160 N
1159 1099 1273 1175 icolae‚

960 1214 1020 1256 nos
1036 1195 1077 1258 ad
1095 1203 1228 1275 portum
1249 1195 1341 1277 pacis
1357 1195 1451 1258 trahe

1004 1293 1047 1356 de
1064 1293 1178 1355 mundi
1197 1293 1380 1374 naufragio

962 1388 1090 1452 Omnes
1108 1389 1213 1450 sancti
1230 1388 1436 1451 consessores

964 1485 1035 1548 sitis
1052 1485 1147 1549 nobis
1164 1485 1197 1547 in
1215 1495 1351 1563 tutores,

1007 1582 1078 1645 sitis
1094 1583 1127 1644 in
1144 1581 1300 1644 subsidio.

1227 1737 1241 1800 5

964 1859 1066 1924 Sacer
1082 1861 1201 1923 chorus
1217 1859 1395 1942 virginalis,

964 1957 1157 2039 coniugalis,
1173 1957 1324 2032 vidualis,

1010 2063 1154 2117 matrum
1173 2055 1298 2116 munda
1318 2054 1464 2129 castitas,

966 2152 1094 2217 Omnes
1111 2151 1209 2215 simul
1226 2161 1362 2215 sanctae
1379 2152 1450 2214 sitis

967 2249 1144 2311 adiutrices
1161 2257 1194 2311 et
1210 2249 1344 2330 possitis

1012 2346 1090 2408 dare
1107 2347 1202 2408 sedes
1219 2345 1358 2409 debitas,

1228 2489 1249 2549 6

973 2627 1103 2690 Horum
1120 2628 1176 2708 pia
1192 2646 1289 2707 prece
1305 2635 1438 2707 patrum

967 2736 999 2788 et
1016 2733 1205 2787 sanctarum
1223 2724 1323 2786 sacris
1341 2733 1484 2786 matrum

1012 2822 1164 2902 precibus
1181 2829 1213 2883 et
1231 2821 1365 2896 meritis,

969 2920 1025 2982 Pie
1042 2918 1173 2983 Christe
1189 2921 1233 2980 sis
1250 2918 1410 3000 placatus,

969 3017 1143 3079 miserator
1159 3017 1333 3079 miseratus

1013 3111 1109 3174 nobis
1125 3111 1207 3174 Tuis
1221 3112 1371 3177 subditis.

688 3739 768 3810 359.
801 3715 875 3789 DE
906 3713 1168 3788 ANGELIS.

611 3985 621 4030 l

390 4082 570 4148 Sedentem
588 4084 619 4144 in
638 4101 799 4162 supernae

434 4177 617 4242 maiestatis
633 4197 708 4240 arce

390 4273 547 4337 Adorant
563 4271 750 4336 humillime

435 4369 679 4454 proclamantes
696 4371 738 4433 ad
756 4369 815 4445 Te,

610 4579 628 4624 2

1238 3977 1254 4039 3

932 4079 1035 4141 Plena
1051 4085 1129 4140 sunt
1152 4077 1265 4139 omnia
1291 4075 1414 4156 gloriae
1433 4078 1460 4139 'l
1465 4097 1534 4140 uae.
1546 4077 1560 4100 ’¹

934 4174 1049 4255 Atque
1065 4193 1140 4236 cum
1165 4172 1439 4235 innocentissimo
1462 4192 1563 4254 grege

978 4357 1044 4440 Qui
1062 4359 1132 4420 sine
1149 4355 1217 4419 ulla
1233 4287 1311 4418 slmt
1327 4355 1401 4419 labe

978 4454 1172 4520 Clamantes
1189 4451 1323 4516 excelsa
1338 4474 1420 4518 voce
1437 4479 1443 4516 :

979 4648 995 4674 “
1014 4643 1103 4706 Laus
1119 4642 1196 4706 Tibi
1213 4563 1257 4704 si{
1274 4641 1429 4719 Domine,

307 4740 392 4805 Cum
409 4737 473 4802 illis
490 4735 698 4816 undeviginti
715 4739 880 4818 quinque:
980 4737 1056 4801 Rex
1073 4749 1229 4801 aeternae
1244 4737 1378 4818 gloriae,

307 4844 323 4869 ‘⁴
336 4837 489 4909 Sanctus,
515 4832 669 4908 Sanctus
695 4828 848 4908 Sanctus,
875 4830 934 4894 Sa·
982 4831 1048 4914 Qui
1065 4853 1185 4913 regnas
1203 4833 1273 4893 sine
1291 4831 1364 4912 fine,

726 4927 832 4992 baoth
853 4927 939 5000 Rex,
984 4928 1016 4990 in
1034 4940 1206 4990 aeternum
1223 4947 1299 4989 cum
1318 4930 1424 4996 Patre.
