4116 5784
629 522 772 574 PROSAE
798 525 1001 581 ECCLESIAE
1026 530 1279 585 ABRINCENSIS
1509 543 1582 614 319

627 717 650 781 4
1129 711 1300 776 morientis

412 817 576 884 Castitate
591 821 726 904 placuit,
1078 901 1086 915 .
1112 805 1161 916 '5¹¹
1178 810 1354 921 tormentis
1374 909 1381 922 1

411 917 516 998 etqui
532 925 623 982 toros
640 921 774 1003 respuit,
1041 900 1185 966 Drvmae
1202 905 1407 988 Propagmrs.
1514 993 1516 998 Ι

410 1010 442 1074 in
459 1031 564 1076 coena
580 1015 730 1080 recubuit
1257 1078 1277 1144 7

410 1126 510 1190 supra
525 1119 642 1190 pectus
659 1111 807 1191 Domini,

411 1200 513 1268 Cuius
530 1204 562 1268 in
579 1207 724 1269 armario
995 1195 1079 1259 Tres
1095 1218 1226 1263 veneno
1243 1203 1385 1268 toxicati

409 1297 489 1380 legit
504 1300 575 1364 eius
591 1301 675 1364 visio
995 1303 1137 1374 surgunt
1154 1295 1185 1376 in
1202 1317 1375 1364 occursum
1394 1301 1463 1382 fati,

409 1413 549 1476 quorum
566 1416 602 1458 se
618 1397 742 1462 locutio
996 1387 1090 1470 Quos
1107 1393 1245 1455 suscitat
1263 1395 1399 1460 mirifice

410 1508 476 1553 non
492 1489 644 1574 indulget
659 1491 796 1559 homini,
993 1483 1066 1548 solo
1082 1496 1240 1552 contactu
1257 1491 1397 1556 tunicae.

497 1729 594 1815 Quae
609 1733 660 1796 vel
678 1745 785 1813 erunt,

496 1825 548 1889 vel
565 1825 707 1906 fuerunt,

496 1925 566 1989 eius
583 1929 686 1990 menti

496 2023 528 2086 in
545 2028 712 2108 praesenti

411 2129 486 2184 sunt
502 2121 617 2188 oblata
633 2125 778 2208 speculo,

498 2217 543 2282 Et
558 2219 740 2302 primarum
1256 2257 1277 2320 9

376 2383 377 2388 η
496 2313 546 2377 V¹⁰⁵
562 2334 747 2428 cffusffum’
995 2371 1164 2437 Tumbam
1181 2377 1266 2457 petit
1282 2381 1376 2461 quasi
1393 2393 1548 2466 stratum,

497 2418 530 2475 et
546 2431 620 2495 qurs
638 2432 670 2476 rn
688 2411 740 2477 hrs

496 2506 596 2572 debet
612 2506 686 2572 finis
996 2487 1120 2532 manna
1135 2471 1270 2554 supplet
1286 2476 1345 2539 viri
1362 2488 1497 2562 statum,

411 2602 540 2666 evenire
555 2604 689 2668 saeculo
996 2561 1065 2626 sive
1081 2585 1201 2648 corpus
1217 2568 1260 2633 sit
1276 2571 1436 2655 ablatum,

690 2656 696 2668 ’
1040 2659 1109 2724 sive
1125 2662 1168 2725 sit
1185 2663 1218 2726 in
1234 2665 1349 2746 gloria.

626 2724 648 2786 ⁶
997 2752 1029 2818 O
1048 2755 1227 2836 Iohannes,
1242 2760 1318 2826 Deo
1333 2775 1438 2846 grate,

496 2841 562 2906 Hic
580 2842 708 2906 Mariae
995 2848 1047 2913 lac
1063 2871 1105 2914 ne
1120 2873 1313 2934 separemur
1328 2879 1347 2922 a
1364 2869 1407 2940 te,

495 2937 571 3020 pius
586 2939 671 3021 piae,
993 2946 1063 3022 sed,
1077 2956 1111 3010 te
1127 2948 1221 3026 duce,
1237 2960 1270 3015 te
1285 2955 1438 3036 primate,

449 3061 453 3068 ·
493 3032 619 3098 candor
634 3033 733 3113 floris,
1037 3034 1189 3100 vivamus
1206 3038 1238 3102 in
1255 3043 1371 3122 patria.

493 3129 555 3194 llos
569 3132 733 3211 candoris,

405 3225 494 3308 virgo
511 3246 662 3292 summae
679 3229 830 3314 Virginis
1247 3219 1286 3266 ¹⁰

493 3326 547 3390 Fit
563 3327 678 3406 tutela,
1036 3331 1106 3398 Ubi
1123 3355 1192 3417 pax
1208 3347 1242 3403 et
1258 3339 1384 3424 gloria;

491 3421 534 3486 de
550 3423 679 3486 cautela
1034 3429 1147 3495 Amen
1164 3433 1277 3500 dicant
1293 3442 1415 3508 omnia.

998 1784 1158 1850 Gemmas
1175 1787 1252 1853 lacit
1269 1813 1313 1853 ex
1329 1813 1439 1874 arena,

920 1941 925 1950 ,
997 1881 1110 1945 vinum
1128 1883 1174 1946 illi
1191 1897 1269 1950 sunt
1285 1909 1422 1966 venena,

998 1975 1044 2040 Et
1060 1977 1169 2041 servor
1184 1981 1321 2062 praebet
1336 1985 1400 2049 olei

997 2076 1195 2140 suavitatem
1213 2078 1333 2147 balnei.

640 3712 723 3784 213.
755 3691 830 3764 ua
861 3691 1254 3775 5.V1NcEN'r10.

437 3926 441 3930 .
626 3914 638 3960 1
1250 3925 1272 3988 4

320 3996 416 4062 Stola
430 3995 607 4078 felicitatis,
622 4002 780 4080 Alleluia,
992 4004 1161 4071 Patienter
1179 4008 1232 4073 hic
1249 4021 1385 4078 catenas

620 4121 638 4167 2
1032 4111 1066 4166 et
1084 4103 1253 4170 horrorem
1272 4114 1411 4176 carceris

319 4197 474 4266 Exornat
488 4201 582 4266 hodic
596 4201 763 4268 Dominus
995 4195 1170 4278 Sustinuit,
1186 4211 1286 4285 alque
1299 4227 1429 4289 poenas

362 4306 542 4381 martyrem
560 4298 669 4364 Suum
684 4301 901 4369 Vincentium
910 4328 919 4389 ;
1034 4291 1130 4358 famis
1147 4306 1180 4362 el
1196 4298 1331 4368 itineris·

319 4391 468 4472 Recolat‚
483 4394 594 4478 dignis
610 4415 685 4460 cum
703 4395 867 4478 laudibus,
1251 4425 1266 4491 5

360 4489 478 4554 chorus
494 4490 548 4554 hic
564 4491 634 4556 eius
651 4495 858 4578 martyrium.
990 4517 1056 4584 sed
1074 4521 1155 4585 haec
1172 4543 1249 4588 eum
1266 4525 1436 4598 fortiorem

619 4614 636 4677 3
990 4616 1135 4681 reddunt
1149 4629 1250 4703 atque
1267 4621 1448 4710 laetiorem,

358 4690 467 4758 Hodie
482 4704 608 4760 trucem
625 4707 805 4780 tyrannum
1029 4725 1247 4780 conservante
1264 4716 1430 4806 Domino;

318 4799 443 4872 martyr
458 4792 600 4856 invictus
616 4793 814 4861 Vincentius
829 4799 926 4878 vicit;
991 4805 1091 4889 Quod
1109 4829 1185 4874 curn
1203 4811 1293 4877 videt
1310 4815 1482 4889 Dacianus

360 4883 468 4950 Hodie
484 4888 572 4952 vitae
588 4892 773 4978 praemium
885 4961 887 4966 ,
989 4913 1068 4976 prae
1084 4897 1200 4962 dolore
1216 4897 1255 4963 fit
1270 4901 1416 4988 insanus,

316 4981 461 5065 suscepit
477 4982 533 5067 qui
549 4982 699 5066 legitime
715 4989 862 5054 certavit.
1028 5003 1185 5062 aestuans
1198 4998 1232 5064 in
1249 5000 1372 5075 animo.
1467 5033 1472 5042 ·
