4102 5792
455 549 598 600 PROSAE
627 548 830 598 ECCLESIAE
857 551 885 602 S.
907 551 1097 601 STEPHANI
1124 552 1371 606 DIVIONENSIS
1475 555 1541 626 431

541 749 624 818 302.
662 726 736 798 DE
772 726 996 802 SANCTA
1027 729 1300 804 BARBARA.

595 878 607 923 1
1220 869 1242 929 6

330 957 571 1024 collaudemus
588 955 796 1020 Salvatorem
961 959 1067 1042 Virgo
1083 960 1160 1025 hinc
1176 961 1398 1027 incarceratur

329 1053 547 1135 omniumque
564 1051 783 1117 Conditorem
959 1074 1070 1119 carcer
1085 1055 1197 1136 claret,
1212 1058 1366 1122 visitatur

376 1149 487 1211 lesum
506 1145 717 1222 unanimiter,
1004 1171 1024 1216 a
1040 1151 1174 1218 Christo
1191 1156 1223 1217 in
1240 1175 1391 1234 carcere;

331 1243 416 1309 Cum
434 1263 502 1326 quo
518 1251 636 1324 regnat
652 1241 798 1324 gloriosa
962 1247 1028 1330 Qui
1045 1249 1199 1332 benignis
1215 1251 1409 1317 consolatur

333 1341 427 1422 virgo
444 1349 571 1422 martyr
585 1340 736 1421 preciosa
960 1344 1079 1421 verbis,
1095 1365 1270 1428 perquem
1287 1358 1321 1411 et
1337 1359 1474 1414 sanatur

375 1435 522 1499 Barbara
538 1437 734 1518 perenniter.
1006 1439 1089 1503 haec
1105 1440 1149 1504 ab
1164 1443 1256 1504 omni
1273 1442 1418 1508 vulnere.

596 1547 614 1592 2

334 1627 432 1691 Iubet
448 1635 544 1709 pater
559 1635 596 1688 ut
612 1625 790 1689 claudatur

334 1741 375 1786 ne
391 1721 494 1805 ipsius
510 1722 664 1785 videatur

376 1817 590 1900 pulchritudo
606 1817 709 1878 nimia
724 1837 731 1894 ;

335 1912 525 1976 Postulatur
541 1912 572 1974 in
591 1929 741 1988 uxorem,

334 2010 391 2071 sed
408 2008 452 2070 ob
470 2007 608 2070 Domini
625 2027 773 2070 amorem

376 2103 561 2167 contemnit
578 2105 754 2166 connubia.

337 2296 433 2358 Pater
449 2294 556 2358 cultor
572 2218 736 2359 id3010rum

337 2401 460 2467 natam,
476 2393 750 2474 contemptricem
768 2391 897 2468 horum,

379 2486 496 2549 videns
513 2485 682 2551 Christum
700 2486 808 2550 colere

339 2582 399 2644 Per
414 2581 552 2664 capillos
570 2603 651 2646 mox
668 2583 797 2664 accepit

337 2687 369 2740 et
386 2675 526 2760 flagellis
542 2677 686 2740 fremens
702 2678 791 2760 cepit

379 2773 470 2835 duris
486 2793 560 2835 eam
578 2774 725 2838 caedere.

596 2887 617 2940 4

339 2967 485 3030 Praesidi
502 2966 566 3030 hoc
582 2967 749 3032 intimavit

338 3073 371 3126 et
387 3071 423 3126 ut
439 3062 596 3144 gravibus
612 3063 742 3145 rogavit

381 3158 498 3238 poenis
515 3156 600 3220 hanc
616 3167 827 3222 consumeret
842 3179 849 3236 ;

340 3252 418 3316 Post
434 3253 517 3315 haec
533 3271 667 3334 praeses
687 3253 864 3317 advocavit

338 3357 487 3412 sanctam
507 3347 570 3410 Dei
587 3355 620 3411 et
636 3348 740 3412 suasit

380 3443 456 3506 huic
474 3451 510 3506 ut
526 3442 607 3506 deos
624 3442 755 3507 coleret.

341 3633 440 3697 Hanc
456 3641 668 3714 spernentem
686 3631 848 3696 denudari

340 3739 372 3795 et
389 3729 527 3794 taurinis
544 3729 703 3810 flagellari

383 3825 491 3890 nervis
508 3823 659 3888 membra
680 3834 794 3889 tenera

342 3921 522 4004 Praecepit,
538 3921 594 3983 sed
613 3920 689 3982 Deo
705 3930 800 4002 grata

340 4037 399 4100 pro
415 4017 545 4080 Amato
561 4025 611 4079 est
628 4025 745 4098 parata

382 4113 466 4176 serre
481 4130 634 4194 quaeque
651 4131 778 4193 aspera.
823 4159 826 4164 .

1007 1665 1177 1729 Ardentes
1193 1570 1244 1730 acl
1253 1666 1356 1731 latera

1052 1761 1145 1824 cuius
1161 1773 1376 1845 apponuntur

1009 1856 1181 1938 lampades
1197 1879 1204 1936 ;
1221 1857 1297 1921 huic
1314 1859 1415 1924 ubera

1053 1973 1112 2015 sua
1128 1953 1369 2018 abscinduntur
1383 1977 1390 2032 ;

1011 2047 1093 2109 Eius
1108 2057 1210 2128 caput
1226 2051 1376 2112 caeditur

1053 2142 1180 2206 malleis
1197 2143 1331 2206 beatum
1347 2167 1355 2223 ;

1008 2239 1084 2303 alba
1100 2239 1186 2302 stola
1202 2243 1326 2322 tegitur

1052 2357 1172 2419 corpus
1188 2337 1405 2403 denudatum.

1228 2442 1246 2503 8

1010 2551 1121 2634 Quam
1138 2554 1180 2616 de
1196 2553 1289 2616 caelo
1305 2553 1443 2636 angelus

1053 2649 1172 2730 virgini
1190 2649 1356 2732 portavit;

1009 2744 1147 2806 tandem
1165 2755 1259 2825 pater
1275 2745 1397 2827 impius

1054 2848 1167 2902 natam
1185 2839 1371 2904 decollavit.

1012 2934 1051 2997 In
1070 2943 1177 2998 morte
1193 2936 1380 3017 specialiter

1055 3029 1167 3112 aliqua
1183 3031 1288 3094 oravit

1011 3125 1063 3187 cui
1081 3123 1232 3189 Christus
1249 3125 1382 3208 largiter

1055 3221 1169 3284 omnia
1185 3221 1331 3286 donavit.

1228 3353 1250 3414 9

1012 3447 1166 3528 Desuper
1181 3445 1342 3510 divinitus

1055 3542 1141 3624 ignis
1157 3543 1393 3620 descendebat,

1011 3641 1067 3722 qui
1084 3639 1261 3721 profanum
1279 3641 1412 3721 penitus

1057 3745 1186 3818 patrem
1204 3737 1423 3800 consumebat

1015 3823 1203 3904 Martyrum
1228 3824 1452 3904 praeconium,

1055 3917 1216 4000 virgoque
1232 3918 1362 3991 decora,
1377 3963 1379 3969 ι

1011 4015 1108 4078 nobis
1123 4015 1155 4077 in
1174 4015 1337 4078 auxilium

1054 4110 1099 4172 sis
1115 4109 1147 4172 in
1166 4110 1281 4174 mortis
1298 4111 1389 4176 hora.

331 4237 523 4288 Manuscnt.
547 4231 663 4286 Prms:
684 4232 756 4287 Eibl.
780 4233 856 4300 Nat,
880 4232 939 4301 879,
964 4231 1063 4285 Missel
1089 4230 1124 4284 de
1149 4230 1255 4300 l'eglise
1281 4215 1497 4286 Saintlitienne
1519 4231 1555 4285 de

299 4312 393 4382 Dijon,
407 4311 556 4379 xv²siecle‚
571 4311 601 4366 S.

332 4421 347 4460 2
360 4423 380 4462 a
414 4407 494 4462 lubet
509 4422 578 4475 ergo
593 4403 882 4476 Claromontennsar.

332 4491 375 4553 31
405 4485 474 4541 diris
490 4485 776 4555 claromontennsar.

331 4579 348 4632 4
362 4571 383 4620 b
413 4563 504 4621 oravit
519 4565 806 4635 claromonten.154r.
835 4569 909 4619 del
927 4575 1083 4634 manquent
1096 4566 1169 4620 dans
1182 4567 1208 4622 le
1224 4567 1323 4622 Missel
1345 4568 1381 4622 de
1399 4567 1553 4628 Clermont.

332 4658 379 4714 53
411 4645 492 4701 Haec
507 4644 794 4715 claromontennsm.

331 4723 348 4777 6
360 4729 380 4780 d
393 4728 434 4780 ei
452 4733 607 4793 manquent
621 4723 694 4778 dans
707 4725 733 4778 le
749 4725 848 4778 Missel
863 4723 898 4778 de
912 4723 1066 4779 Clermont.

332 4809 382 4868 7b
412 4804 472 4858 eius
488 4803 708 4857 claromontani
715 4815 772 4871 541.
805 4809 852 4858 cd
881 4799 948 4856 binc
968 4803 1062 4858 ulcera
1085 4821 1136 4859 sua
1158 4805 1373 4875 exstinguuntur
1392 4805 1554 4861 Clarnmon·

298 4885 429 4951 tenuw.
462 4881 549 4937 Cuius
565 4881 851 4951 Claromonten.1541.
881 4898 901 4949 g
932 4881 1006 4937 stola
1018 4883 1083 4937 alba
1097 4881 1317 4938 Claromonten.1
1324 4897 1381 4954 541.

334 4962 349 5015 8
363 4968 384 5016 h
415 4961 512 5016 omnia
525 4977 649 5031 manque
662 4959 734 5016 dans
749 4963 1038 5030 Claromontenusm.

334 5047 377 5107 91
406 5041 485 5111 virgo
498 5041 636 5096 decorata
649 5041 869 5096 Claromontenn
875 5051 936 5111 541.
967 5045 989 5094 h
1017 5043 1089 5097 assis
1103 5043 1201 5097 mortis
1216 5041 1437 5100 claromontem
1444 5056 1502 5114 541.
