4108 5794
627 527 769 580 PROSAE
796 528 1001 580 ECCLESIAE
1028 528 1283 582 BELVACENSIS
1492 532 1560 602 301

571 739 649 825 196.
683 733 758 806 DE
789 733 1010 809 SANCTO
1041 734 1323 810 IOHANNE.

341 985 366 1032 1.
390 967 533 1046 Laudes,
550 968 638 1046 Rex,
653 967 731 1032 Tibi
748 969 802 1050 pie
818 988 987 1047 canamus,
1004 967 1146 1048 Christe,

339 1114 367 1163 2.
390 1098 493 1174 Cuius
508 1099 673 1181 sanguine
688 1098 814 1181 gaudet
831 1098 982 1163 Ecclesia
999 1099 1265 1165 Christianorum
1283 1102 1399 1184 gloria,

340 1213 366 1278 3.
389 1195 634 1279 Apostolorum
652 1215 745 1258 sacra
760 1194 958 1261 confirmata
975 1199 1174 1262 auctoritate
1190 1220 1248 1281 per
1265 1200 1389 1265 orbem.

339 1345 368 1406 4
392 1325 550 1392 Gaudent
566 1326 667 1390 hodie
683 1325 749 1389 Tui
765 1325 890 1405 famuli,
902 1327 1071 1390 lohannes
1083 1329 1172 1410 quod
1186 1329 1327 1394 dilectus
1341 1331 1434 1394 Tuus
1447 1331 1573 1398 Tecum

449 1433 563 1488 manet
579 1423 612 1486 in
625 1422 732 1505 gloria
748 1433 784 1488 ut
800 1424 872 1487 dies
889 1424 952 1487 ista
968 1426 1175 1508 comprobat.

341 1534 366 1601 5.
391 1519 468 1584 Tibi
485 1520 609 1584 etenim
626 1520 734 1602 magis
750 1520 855 1585 voluit
871 1521 1039 1604 coniungi,
1055 1521 1181 1585 deliciis
1196 1523 1311 1586 mundi
1328 1545 1430 1607 quam
1448 1528 1576 1591 miseris

448 1627 482 1682 et
496 1617 631 1680 caducis
648 1625 685 1680 ut
701 1616 804 1680 homo
821 1617 971 1681 mortalis
988 1619 1045 1682 uti.
1236 1635 1238 1638 ·

337 1748 366 1812 6.
392 1747 475 1832 Quis
491 1766 552 1812 nos
569 1745 724 1810 liberabit
740 1747 783 1811 de
799 1757 907 1811 morte
923 1749 1086 1830 perenni?

340 1847 402 1910 6a.
426 1844 494 1910 Cur
510 1863 577 1908 non
594 1843 765 1908 imitemur
780 1843 868 1908 sacta
885 1846 970 1909 tanti
987 1847 1057 1923 viri,
1073 1846 1221 1910 infelices
1238 1859 1271 1912 et
1289 1849 1425 1914 miseri?

342 1960 369 2026 7.
394 1941 478 2025 Quis
495 1961 561 2005 non
579 1941 792 2024 obstupescet
809 1962 932 2006 nomen
950 1941 1071 2020 Tuum,
1089 1942 1244 2008 Christe?

343 2057 403 2123 7a.
428 2039 495 2123 Qui
511 2040 559 2103 sic
574 2047 676 2103 testes
694 2037 786 2102 Tuos
803 2038 957 2121 provehis
974 2039 1006 2101 in
1024 2039 1112 2117 orbe,
1127 2041 1269 2104 mirabili
1285 2045 1446 2125 potentia.

344 2173 372 2235 8.
397 2171 473 2234 lesu
490 2168 588 2247 bone,
603 2165 707 2244 sortis,
724 2177 848 2244 sancte,
865 2167 1060 2246 misericors,
1076 2171 1139 2252 pie,

344 2285 374 2348 9.
397 2265 548 2331 Verbum
566 2265 683 2342 Patris,
698 2263 780 2328 Vita
796 2263 922 2342 mundi,
938 2264 981 2328 ab
997 2265 1066 2330 alto
1083 2267 1218 2349 respice.

330 2415 376 2464 10.
400 2397 545 2462 Nostros
561 2396 637 2462 vide
652 2405 747 2461 actus
762 2404 797 2459 et
812 2415 899 2478 rege,

332 2513 379 2560 11.
404 2493 511 2558 Nobis
529 2493 685 2558 miserere
700 2493 743 2557 de
758 2501 817 2557 tua
832 2492 920 2570 sede,

331 2642 376 2690 12.
402 2625 493 2689 Dum
510 2645 626 2689 sumus
643 2622 775 2688 mortali
792 2623 825 2688 in
843 2622 905 2687 hoc
922 2643 1080 2706 corpore:

333 2739 379 2803 13.
403 2723 459 2787 Ad
477 2722 540 2786 hoc
557 2731 656 2787 natus
672 2740 716 2797 es,
734 2719 890 2782 Domine.

333 2870 378 2933 14.
403 2853 472 2919 Ora
488 2872 549 2934 pro
566 2851 671 2928 nobis,
686 2861 731 2925 tu,
751 2851 929 2928 lohannes,
945 2851 1011 2914 Dei
1027 2851 1164 2930 athleta,
1177 2851 1209 2915 in
1226 2853 1362 2917 caelesti
1380 2855 1497 2936 gloria.

364 3038 559 3094 uanusortr.
582 3035 696 3088 Panis:
718 3031 791 3088 Bibl.
803 3035 830 3087 N
834 3043 880 3102 at,
896 3047 972 3100 1140,
986 3033 1116 3088 Prosaire
1130 3035 1166 3090 de
1180 3035 1328 3105 Beauvais‚
1342 3036 1371 3105 (a
1383 3037 1490 3108 l’usage
1502 3038 1539 3094 de
1559 3039 1588 3094 la

328 3115 457 3187 chapelle
467 3112 742 3182 sainte-catherine,
757 3111 829 3168 dans
842 3114 871 3168 la
882 3113 1046 3169 cathedrale
1059 3114 1095 3168 de
1110 3114 1271 3184 Beauvais),
1283 3131 1359 3186 1492,
1371 3118 1406 3174 Z.

370 3273 412 3327 6a
429 3243 457 3328 et
471 3289 595 3344 manque
609 3272 681 3328 dans
694 3272 729 3334 Z,

565 3615 644 3690 197.
676 3593 850 3667 esem
879 3594 934 3668 v1
969 3593 1106 3670 Post
1138 3595 1369 3672 pascua,

363 3891 388 3940 1.
411 3873 605 3938 Laudamus
621 3870 682 3948 Te,
699 3870 785 3948 Rex,
802 3869 911 3934 Maria
927 3869 1050 3936 Genite
1066 3871 1277 3953 sempiterne,

361 4023 388 4071 2.
413 4005 516 4072 Cuius
530 4023 614 4066 crux
631 4012 681 4066 est
698 4002 787 4065 salus
804 4011 928 4081 nostra,

365 4121 392 4186 3.
416 4101 519 4168 Cuius
537 4120 626 4163 mors
642 4109 693 4163 est
709 4101 779 4163 vita
795 4110 909 4164 nostra
925 4121 933 4178 ;

364 4254 394 4316 4.
416 4233 469 4298 Tu
486 4232 636 4298 Victima
652 4240 685 4296 et
700 4231 812 4295 hostia
827 4231 934 4296 iactus
950 4251 986 4295 es
1002 4232 1108 4295 crucis
1125 4251 1182 4295 ara
1197 4253 1204 4310 ;

369 4346 396 4414 5.
419 4330 542 4395 Mortis
557 4337 655 4412 porta
672 4337 779 4392 morte
796 4328 871 4392 Tua
887 4347 946 4410 per
962 4348 1092 4392 crucem
1110 4337 1161 4392 est
1177 4328 1354 4410 obstrusa;

366 4463 395 4529 6.
419 4461 599 4528 Exstincta
615 4470 694 4526 sunt
709 4480 839 4524 venena
856 4461 932 4525 Tuo
948 4462 1112 4543 sanguine
1130 4461 1317 4526 Leviathan
1333 4485 1340 4542 ;

368 4576 395 4642 7.
420 4559 553 4625 Siccata
569 4556 722 4640 Babylon
740 4558 806 4620 iam
823 4578 882 4639 per
898 4557 948 4620 Te
965 4555 1102 4620 flumina
1120 4556 1307 4640 sulphurea.

369 4693 395 4754 8.
420 4688 552 4756 Christe
569 4689 788 4772 Redemptor,
805 4689 897 4752 muni
913 4685 1057 4752 famulos
1073 4689 1179 4752 crucis
1196 4687 1314 4771 signo;

366 4806 395 4870 9.
419 4787 590 4852 Adversos
606 4784 695 4868 fuga,
712 4784 803 4849 Tuos
821 4785 929 4850 releva
946 4795 980 4849 et
995 4784 1121 4849 exalta.

351 4937 397 4986 10.
421 4918 526 4983 Novit
541 4917 788 4984 Constantinus
804 4916 884 4999 quid
900 4924 1014 4999 posset
1030 4934 1113 4978 cmx
1131 4913 1216 4992 Tua,
1232 4914 1365 4980 Christe
1383 4915 1482 4996 lesu;

356 5035 402 5084 11.
425 5017 530 5094 Novit
548 5014 735 5094 Heraclius,
751 5015 832 5080 dum
849 5015 939 5079 cadit
957 5013 1083 5079 Cosroe
1099 5011 1206 5076 hostis
1222 5011 1323 5082 Tuus.
