4094 5796
495 503 537 576 72
778 503 920 556 PROSAE
949 501 1151 556 ECCLESIAE
1177 503 1466 558 ANDEGAVENSIS

762 809 821 878 49.
862 783 937 858 ue
968 783 1193 861 sancto
1222 783 1468 862 neunro.

803 1043 814 1088 1

559 1141 780 1208 Exsultemus
797 1141 1060 1223 congaudentes,

556 1257 651 1302 sacra
666 1237 773 1301 sancti
791 1235 977 1300 recolentes

645 1333 768 1398 Renati
785 1331 962 1397 sollemnia
977 1353 984 1410 ;

797 1465 815 1512 2

558 1567 597 1630 In
614 1566 677 1630 hac
693 1568 748 1630 die
764 1587 830 1650 qua
846 1561 1030 1630 translatus

556 1662 619 1726 fuit
634 1663 696 1727 iste
712 1663 762 1726 vir
777 1662 906 1738 beatus,

643 1760 769 1842 gaudet
785 1757 868 1822 caeli
884 1757 984 1820 curia.

557 1853 675 1919 Victor
690 1854 823 1918 scandit
838 1854 881 1916 ad
899 1871 1043 1936 superna
1057 1872 1064 1930 ;

556 1948 600 2012 ob
615 1949 689 2027 hoc,
704 1949 759 2013 die
775 1949 946 2026 hodierna,

641 2046 768 2128 gaudet
785 2043 867 2109 caeli
884 2043 984 2107 curia.

795 2179 812 2244 3

553 2280 624 2345 Iste
640 2289 776 2345 sanctus
792 2279 908 2344 dolum
926 2277 1042 2354 nescit,

551 2377 732 2460 insignitus
748 2375 935 2458 effulgescit

640 2471 722 2534 lucis
738 2491 783 2533 ex
799 2469 964 2552 operibus.

554 2566 687 2648 Lingua
703 2565 788 2644 silet,
803 2585 862 2628 cor
877 2565 1047 2628 tremescit

551 2671 586 2726 et
603 2660 751 2725 infernus
767 2661 977 2744 obstupescit

639 2757 682 2821 de
698 2757 767 2820 suis
782 2756 970 2821 virtutibus.

793 2891 815 2952 4

552 2987 659 3053 Arcto
675 2989 809 3054 clausus
826 2990 859 3052 in
875 2987 1018 3067 tumulo

551 3083 661 3149 inians
677 3084 812 3149 caelesti
830 3085 956 3167 pabulo

552 3189 585 3244 et
603 3179 728 3245 Christi
746 3180 836 3244 sotus
854 3181 964 3258 ubere,

552 3277 688 3340 Pastum
706 3296 772 3340 non
791 3276 920 3340 habens
936 3277 1050 3354 alium,

550 3373 627 3446 post
644 3363 850 3446 completum
867 3365 1089 3446 septennium,

550 3453 731 3515 resurrexit
747 3452 790 3515 de
806 3451 927 3515 sunere.

793 3581 808 3648 5

552 3685 630 3762 Iste,
647 3685 793 3768 inquam,
809 3695 860 3749 est
878 3685 1039 3764 Renatus

549 3802 593 3846 ex
610 3793 732 3847 eventu
749 3783 796 3846 sic
813 3792 953 3846 vocatus

636 3899 655 3942 a
672 3889 789 3943 sancto
807 3879 988 3954 Maurilio;

1189 1026 1280 1092 Dum
1298 1047 1376 1092 eum
1392 1027 1602 1092 resuscitavit

1189 1132 1222 1188 et
1238 1125 1281 1188 ad
1297 1125 1401 1188 vitam
1419 1123 1597 1203 revocavit,

1275 1219 1390 1304 elapso
1406 1219 1592 1303 septennio.

1427 1427 1449 1492 6

1189 1632 1257 1695 Res
1274 1639 1325 1694 est
1341 1631 1424 1694 mira
1439 1629 1568 1693 cunctis
1585 1637 1666 1692 nota

1189 1729 1221 1790 in
1238 1727 1441 1809 Andcgavia
1458 1735 1540 1802 tota,

1275 1824 1307 1886 in
1325 1823 1437 1886 Deum
1454 1819 1669 1884 credentibus

1188 1919 1277 1982 Nam
1295 1920 1397 2002 ipsius
1413 1917 1533 1982 tumba
1545 1915 1649 1980 crevit

1187 2023 1352 2098 quantum
1369 2033 1452 2096 puer
1467 2011 1616 2077 adolevit

1275 2111 1421 2175 intrusus
1437 2097 1613 2192 lapidibus.

1425 2341 1445 2407 7

1185 2526 1254 2589 Iste
1270 2534 1405 2590 sanctus
1422 2526 1455 2589 in
1472 2525 1535 2589 hac
1552 2525 1621 2589 vita

1185 2623 1281 2700 vixit,
1297 2621 1388 2685 velut
1405 2623 1553 2698 eremita,

1271 2717 1409 2781 indutus
1424 2716 1541 2781 cilicio.

1185 2813 1381 2896 Andegavis
1398 2813 1485 2877 hunc
1501 2822 1670 2896 pastorem

1185 2909 1303 2974 habuit
1319 2919 1352 2973 et
1369 2929 1593 2974 successorem

1270 3006 1370 3070 beato
1388 3006 1553 3070 Maurilio.

1423 3203 1442 3266 8

1183 3398 1273 3460 Fons
1289 3398 1474 3462 immensae
1490 3399 1626 3481 pietatis

1181 3494 1227 3557 sic
1244 3514 1304 3558 nos
1321 3493 1410 3557 lavet
1426 3513 1446 3557 a
1461 3494 1609 3576 peccatis

1269 3609 1327 3672 per
1343 3589 1413 3653 eius
1430 3587 1596 3672 suffragia,

1182 3685 1232 3750 Ut
1249 3685 1281 3748 in
1299 3704 1403 3766 regno
1419 3683 1581 3749 claritatis

1179 3782 1363 3847 habeamus
1379 3803 1455 3845 cum
1473 3782 1588 3848 beatis.

1265 3879 1471 3961 sempiterna
1488 3881 1620 3961 gaudia.

518 4093 712 4145 Manuscrtt.
727 4089 823 4143 Parus
836 4106 842 4143 :
857 4087 929 4143 Bibl.
942 4090 1018 4158 Nat,
1033 4089 1094 4159 868,
1109 4089 1209 4144 Missel
1223 4089 1370 4158 d’Angers,
1383 4103 1430 4143 xve
1440 4088 1535 4159 siecle,
1548 4089 1582 4145 Z.

520 4221 530 4259 1
546 4210 567 4259 b
599 4203 774 4259 sacrosancti
789 4204 972 4272 Andagaven.

517 4297 585 4348 act
617 4294 670 4346 Les
681 4292 754 4346 deux
764 4308 828 4346 vers
841 4301 905 4346 sont
923 4292 1149 4364 identiquement
1168 4295 1209 4348 les
1227 4292 1334 4348 memes
1351 4293 1423 4348 dans
1444 4293 1471 4348 le
1489 4303 1565 4350 texte
1585 4295 1741 4353 manuscrit

480 4383 508 4428 et
521 4375 563 4428 les
577 4373 692 4428 Missels
706 4372 859 4442 imprimes.
872 4373 911 4426 Le
924 4381 1000 4427 texte
1012 4383 1056 4429 est
1070 4373 1126 4429 tres
1135 4373 1353 4448 probablement
1366 4390 1526 4450 corrompu.

516 4477 532 4530 3
546 4467 567 4517 b
597 4461 722 4532 insignia
735 4460 848 4531 praesul
862 4459 950 4530 gessit
964 4461 998 4520 Ζ,

515 4565 566 4622 4a
596 4550 700 4605 Arctus
712 4549 746 4604 Z.
