4102 5792
619 543 762 597 PROSAE
789 543 996 595 ECCLESIAE
1025 541 1268 594 REDONENSIS

626 737 641 802 5

366 846 396 910 Α
412 844 578 908 defunctis
596 845 763 908 revocavit

362 941 449 1005 hunc
466 959 565 1023 quem
583 940 727 1004 daemon
745 939 929 1013 suffocavit,

361 1045 478 1119 gentes
496 1034 619 1099 multas
635 1036 817 1119 baptizavit

406 1133 448 1195 ad
467 1131 556 1195 istud
573 1131 732 1194 indicium
748 1153 755 1209 ;

364 1230 525 1295 Sanctum
543 1247 689 1290 morsum
707 1248 726 1290 a
743 1236 896 1308 serpente

364 1324 516 1389 liberavit
533 1332 566 1388 et
582 1333 729 1405 repente,

363 1424 530 1489 medicina
548 1421 593 1485 nil
610 1422 752 1500 valente,

406 1529 499 1584 curat
516 1518 708 1583 Eusebium.

623 1648 644 1709 6

365 1769 504 1850 Propter
520 1775 633 1830 natam
653 1786 712 1828 rex
729 1765 872 1829 laetatur

364 1883 465 1945 aqua
482 1861 587 1926 Satan
605 1861 780 1942 effugatur,

364 1959 435 2040 pari
452 1977 530 2020 cura
546 1966 713 2020 recreatur

337 2109 339 2116 ,
407 2053 501 2135 virgo
516 2052 682 2136 quaedam
699 2051 787 2130 alia;

366 2148 462 2213 Aede
478 2168 572 2212 sacra
587 2168 688 2231 quam
705 2147 858 2213 fundavit

367 2243 468 2325 longo
484 2253 563 2308 ante
579 2263 679 2326 quarn
698 2243 826 2308 notavit

366 2340 428 2402 ista
444 2340 498 2403 die
514 2338 705 2402 convolavit

409 2435 450 2498 ad
468 2435 550 2498 caeli
567 2435 701 2518 palatia.

627 2580 646 2642 7

369 2683 483 2750 Sancti
502 2683 612 2764 plures
628 2693 661 2748 et
678 2683 816 2766 praelati

367 2789 444 2844 sunt
460 2801 480 2843 a
497 2781 572 2844 Deo
588 2781 630 2844 ad
648 2779 737 2844 beati

368 2877 545 2958 exsequias
562 2876 719 2939 destinati

411 2981 619 3055 praestantes
636 2972 796 3056 obsequia
813 2996 819 3049 ;

1509 542 1581 616 453

994 720 1051 785 Ad
1069 720 1188 784 urbem
1205 739 1305 803 quarn
1324 729 1403 784 ante
1419 722 1516 798 rexit,

996 820 1130 885 Christo
1146 821 1239 896 duce,
1256 821 1348 882 navis
1366 821 1458 883 vexit

995 916 1132 995 elerum,
1148 937 1278 997 corpus,
1294 925 1326 978 et
1343 915 1473 979 reflexit

1037 1033 1170 1076 cursum
1187 1012 1383 1076 Vicenonia.

1255 1118 1274 1179 8

995 1222 1135 1302 Propter
1150 1218 1245 1303 plura
1263 1219 1439 1283 malefacta

995 1317 1097 1380 vincti
1114 1315 1212 1392 sures,
1228 1335 1324 1396 prece
1343 1315 1438 1392 sacra,

996 1434 1131 1477 evasere
1147 1413 1228 1477 turri
1246 1410 1358 1488 fracta,

1036 1519 1070 1573 et
1086 1518 1164 1572 sunt
1181 1515 1280 1590 rupta
1295 1507 1434 1572 vincula.

993 1603 1051 1668 Ad
1069 1602 1282 1686 sepulchrum
1300 1602 1366 1666 iam
1383 1603 1514 1668 delatus

996 1697 1076 1763 vivit
1096 1718 1178 1780 puer
1196 1697 1292 1760 matri
1307 1698 1417 1774 datus,

994 1815 1070 1858 ecce
1086 1795 1176 1857 visus
1192 1803 1241 1856 est
1258 1794 1402 1858 donatus

1039 1909 1120 1953 mox
1136 1897 1213 1971 post
1229 1887 1354 1970 pedum
1371 1889 1494 1954 oscula.

1255 2017 1277 2079 9
1314 2025 1315 2030 ,

996 2112 1124 2177 Curans
1141 2132 1266 2188 caecos,
1282 2112 1409 2189 surdos,
1426 2121 1545 2188 mutos,

996 2209 1112 2292 quavis
1130 2216 1224 2290 parte
1240 2207 1429 2282 destitutos,

995 2305 1052 2387 qui
1069 2305 1129 2366 das
1146 2304 1234 2366 vitae
1252 2301 1350 2364 morti
1367 2301 1474 2380 datos,

996 2399 1052 2482 qui
1068 2397 1223 2462 dissolvis
1239 2406 1422 2475 catenatos,

1041 2493 1215 2577 expellens
1231 2493 1419 2570 daemonia,

997 2592 1075 2668 Fac,
1091 2609 1274 2672 precamur,
1291 2597 1349 2652 tua
1365 2610 1462 2671 prece

998 2695 1034 2750 ut
1050 2687 1178 2769 peccati
1196 2685 1292 2768 pulsa
1308 2684 1409 2758 faece.

998 2791 1074 2864 post
1091 2780 1234 2844 labentis
1250 2779 1338 2844 vitae
1354 2801 1487 2846 cursum

998 2878 1180 2960 gloriemur
1197 2879 1281 2960 rapti
1299 2899 1429 2942 sursum

1043 2975 1075 3036 in
1093 2974 1229 3055 perenni
1246 2972 1358 3055 gloria.

362 3119 556 3168 Manuscrlt.
579 3113 693 3168 Purus:
716 3114 788 3170 Bibl.
804 3117 881 3182 Nat,
896 3115 970 3184 1098,
987 3115 1089 3170 Missel
1103 3115 1138 3170 de
1153 3117 1275 3183 Rennes,
1289 3115 1448 3184 xiv‘siecle,
1468 3119 1497 3172 V.

361 3238 411 3290 4a
444 3225 536 3294 Quem
552 3225 669 3280 morbus
682 3225 820 3280 Redoncn.
848 3231 870 3280 h
897 3225 1030 3296 Syragrio
1049 3227 1079 3281 Υ.

364 3315 408 3372 se
439 3313 569 3358 sanctum
583 3323 706 3360 marsum
725 3307 754 3360 V.

362 3381 410 3436 6a
444 3383 563 3452 Propter
576 3394 670 3438 vatem
691 3385 721 3438 Υ.
754 3389 775 3439 b
801 3401 875 3454 aqua
894 3385 923 3438 l'.

582 3596 664 3665 321.
698 3573 772 3646 DE
804 3571 1028 3647 snucro
1060 3572 1340 3646 unumne.

636 3773 646 3817 1

373 3847 483 3931 Quam
501 3850 554 3931 pie
571 3851 613 3913 sit
630 3849 826 3913 recolendus

374 3954 499 4026 quanta
514 3945 612 4008 laude
628 3946 880 4027 prosequendus

419 4039 584 4103 Martinus
601 4041 633 4103 in
651 4041 793 4118 saecula,

376 4135 580 4199 Turonensis
597 4135 778 4216 Gregorius

377 4251 461 4314 quae
477 4233 609 4314 scripsit
625 4243 658 4296 et
676 4231 839 4314 Sulpitius

419 4336 586 4392 testantur
603 4329 769 4392 miracula.

639 4449 656 4494 2

380 4527 509 4591 Mundo
526 4528 616 4610 prius
634 4528 787 4593 militavit

379 4623 430 4686 cui
448 4643 529 4686 mox
547 4625 759 4702 renuntiavit,

382 4717 484 4801 fitque
501 4727 595 4800 pater
612 4721 851 4784 monachorum
869 4743 876 4798 ;

383 4814 529 4878 Demum
548 4815 670 4878 invitus
687 4816 829 4880 trahitur

383 4911 509 4992 rapitur
524 4919 557 4974 et
574 4909 715 4975 efficitur

382 5005 559 5089 episcopus
574 5007 796 5072 Turonorum.

1003 3849 1097 3932 Quos
1115 3850 1221 3913 bonos
1238 3771 1332 3913 ngvit
1348 3847 1477 3924 dilexit,

1003 3965 1086 4028 quos
1105 3945 1211 4008 malos
1227 3946 1282 4028 pie
1298 3946 1453 4022 correxit,

1049 4039 1175 4104 nullum
1192 4042 1260 4104 cito
1276 4040 1427 4102 iudicans
1442 4063 1448 4116 ;

1006 4136 1237 4201 Adversantcs
1253 4135 1316 4200 sibi
1334 4135 1415 4198 sovit

1004 4253 1065 4295 nec
1081 4253 1101 4294 a
1117 4242 1206 4296 statu
1223 4253 1284 4295 suo
1301 4233 1405 4295 movit

1048 4349 1068 4392 a
1085 4349 1120 4392 se
1137 4329 1264 4392 nullum
1282 4329 1449 4392 abdicans.

1007 4528 1065 4592 Ab
1081 4528 1184 4610 ipsius
1200 4451 1339 4590 iniahtia

1010 4625 1112 4687 crevit
1129 4623 1354 4687 misericordia

1008 4741 1084 4783 cum
1102 4740 1151 4796 eo,
1167 4721 1258 4801 quod
1276 4719 1353 4781 hinc
1370 4721 1478 4802 patuit

1013 4815 1112 4898 Quod
1131 4817 1172 4880 dc
1189 4814 1291 4897 pallio
1309 4818 1432 4897 partito

1012 4931 1088 4974 cum
1105 4931 1251 4993 paupere
1269 4909 1438 4974 Christum
1453 4915 1519 4974 cito

1015 5015 1140 5070 tectum
1158 5007 1269 5069 videre
1287 5006 1413 5070 meruit.
