4094 5796
493 475 542 550 80
828 499 970 550 PROSAE
997 500 1200 554 ECCLESIAE
1227 501 1412 566 AQVENSlS

528 671 568 726 Le
580 679 656 725 texte
669 670 706 724 du
721 671 820 727 Missel
834 673 871 729 de
885 673 1039 744 Marseille,
1056 689 1085 744 15
1089 690 1132 745 30,
1144 675 1241 732 derive
1255 677 1291 732 de
1304 679 1375 733 celui
1387 677 1476 734 d'Aix.
1489 679 1570 736 Cette
1579 679 1667 735 Prose
1680 679 1750 735 offre

491 767 528 806 un
542 767 621 806 assez
633 750 724 820 grand
736 753 855 808 nombre
868 753 904 808 de
917 755 1008 810 fautes
1022 758 1058 810 de
1071 757 1268 812 versification.
1285 759 1367 813 Latin
1381 759 1438 814 tres
1450 759 1544 816 faible

527 862 609 911 aab
641 856 749 926 Lingua
762 858 907 914 Graeca...
924 861 1092 916 Hebraea...
1108 863 1223 918 Caldea
1244 863 1405 919 Massiliam
1428 865 1600 922 L'accusatif
1612 875 1655 922 est
1669 865 1749 936 exige'

491 953 543 1006 par
545 938 667 1006 sulm'str'
677 949 704 992 et
717 947 880 1010 caeteraque
892 942 997 996 studia.

527 1033 543 1085 3
556 1034 574 1072 c
606 1034 668 1072 vers
681 1017 753 1072 faux.
771 1019 794 1072 ll
807 1036 931 1090 manque
945 1039 999 1080 une
1013 1023 1130 1091 syllabe,
1156 1028 1205 1077 de
1219 1028 1233 1076 f
1260 1025 1412 1080 lncorrect.

529 1109 542 1166 5
556 1103 578 1152 b
610 1099 650 1153 Ce
663 1115 726 1152 vers
740 1117 757 1152 a
769 1100 910 1169 plusieurs
923 1102 1046 1170 syllabes
1060 1103 1096 1158 de
1110 1111 1180 1173 trop.
1196 1105 1218 1158 F
1220 1105 1301 1159 aut-il
1315 1121 1472 1175 supposer:
1494 1107 1617 1163 Malleus
1629 1096 1749 1162 haereti·

491 1179 609 1238 corum?
634 1183 649 1232 f
673 1195 728 1236 une
742 1179 851 1249 syllabe
863 1198 994 1253 manque.

570 1495 626 1570 55.
660 1477 766 1550 PRO
798 1473 1146 1552 MVLIERIBVS
1178 1475 1670 1554 PRAEGNANTIBVS.

516 1810 541 1856 1.
565 1791 596 1856 O
614 1791 734 1855 ancilla
752 1792 886 1872 Christi,
905 1793 1022 1871 Maria,
1040 1793 1152 1859 Mater
1169 1794 1243 1872 Dei,

511 1905 538 1952 2.
564 1887 747 1971 Pauperem
767 1891 892 1954 exaudi
909 1900 1129 1972 peccatorem,
1142 1893 1184 1956 ad
1210 1901 1243 1953 te
1265 1911 1340 1954 vere
1359 1893 1595 1976 suspirantem,
1612 1912 1654 1955 ne
1679 1913 1747 1956 ma-

620 1987 707 2048 trum
726 1986 757 2048 in
776 1995 870 2050 utero
886 1987 1118 2068 periclitentur
1133 1986 1299 2064 infantuli,

512 2099 540 2163 3.
564 2081 631 2166 Qui
659 2091 796 2164 propter
820 2081 990 2147 defectum
1022 2083 1192 2166 baptismi,
1223 2082 1355 2148 macula
1383 2085 1499 2150 irretiti
1524 2083 1689 2168 originali,
1711 2083 1745 2148 in

619 2177 760 2242 limbum
776 2179 1063 2256 condescendunt,
1078 2181 1135 2263 qui
1152 2199 1229 2262 pars
1245 2189 1297 2243 est
1313 2179 1441 2244 inferni.

509 2293 538 2356 4
564 2275 683 2351 Maria,
699 2275 813 2357 itaque
830 2276 959 2338 miseris
976 2295 1129 2339 succurre
1145 2275 1301 2359 puerulis,
1317 2277 1384 2359 qui,
1400 2297 1461 2360 pro
1476 2277 1569 2360 gravi
1587 2275 1687 2342 Adae

513 2367 855 2454 5.'Protoplastorum
873 2371 1005 2450 nebula,
1021 2371 1149 2436 visione
1167 2373 1230 2435 D'ei
1248 2372 1293 2435 ibi
1310 2385 1424 2436 carent
1441 2383 1610 2456 perpetua.

509 2470 539 2532 6.
564 2467 595 2534 Ο
612 2467 734 2530 iudicia
752 2466 826 2544 Dei,
842 2468 983 2550 abyssus
1000 2467 1126 2550 multa;
1143 2469 1199 2551 qui
1217 2469 1293 2531 licet
1309 2469 1380 2532 sine
1396 2469 1494 2551 culpa
1512 2477 1660 2551 pereant,
1676 2487 1743 2534 non

620 2574 736 2627 tamen
753 2564 824 2626 sine
840 2583 949 2628 causa.

510 2679 538 2746 7.
563 2660 675 2744 Quam
693 2659 794 2741 igitur
810 2660 1015 2741 perniciosus
1028 2661 1120 2743 pomi
1133 2660 1229 2724 vetiti
1244 2661 1336 2724 Evae
1349 2659 1411 2725 fuit
1425 2681 1562 2736 morsus,
1573 2680 1641 2744 quo
1655 2681 1743 2724 mors

619 2755 761 2839 posteris
778 2756 824 2818 sic
840 2755 1114 2820 concludebatur.

511 2858 539 2921 8.
564 2854 642 2930 Sed,
659 2851 689 2917 O
707 2872 808 2935 quam
826 2849 908 2914 felix
924 2851 986 2915 fuit
1003 2863 1037 2916 et
1054 2853 1287 2928 laetabundus,
1305 2852 1335 2918 O
1354 2853 1471 2930 Maria,
1488 2854 1574 2916 inter
1590 2862 1624 2916 te
1640 2862 1673 2916 et
1686 2872 1744 2918 an-

619 2949 731 3032 gelum
748 2947 911 3030 dialogus,
928 2968 996 3031 quo
1011 2949 1081 3012 vita
1097 2951 1168 3014 orbi
1186 2949 1248 3012 toti
1265 2949 1442 3014 oriebatur·

510 3067 540 3129 9.
565 3047 647 3112 Prae
663 3045 802 3108 caeteris
818 3054 931 3108 autern
949 3053 1027 3108 tuus
1042 3046 1174 3109 videtur
1189 3045 1419 3128 splendescere
1442 3043 1655 3109 beatissimus
1670 3044 1745 3108 abs·

620 3163 684 3226 que
700 3140 816 3204 dolore
831 3150 955 3223 partus.

494 3259 540 3306 10.
565 3239 627 3303 Per
643 3258 743 3320 quem
766 3237 858 3300 Evae
886 3236 1080 3302 maledictio
1105 3249 1155 3300 est
1180 3235 1299 3314 soluta,
1325 3257 1385 3301 nec
1416 3237 1526 3300 minus
1554 3236 1745 3301 benedictio

621 3334 814 3398 mulieribus
831 3333 959 3397 cunctis
975 3343 1025 3398 est
1042 3336 1242 3399 condonata.

492 3451 538 3498 11.
563 3431 620 3497 Ad
652 3451 751 3514 quem
782 3451 863 3513 ergo
894 3429 1060 3512 refugient
1088 3429 1261 3495 desolatae
1285 3438 1509 3512 praegnantes
1541 3429 1604 3492 nisi
1628 3429 1671 3493 ad
1703 3437 1746 3506 te,

616 3537 812 3592 cunctarum
829 3526 1047 3604 consolatrix,
1063 3547 1139 3590 cum
1157 3527 1313 3608 lacrymis
1329 3531 1527 3608 gementes?

492 3643 539 3690 12.
562 3625 655 3690 Audi
672 3644 737 3700 eas,
752 3623 861 3705 Virgo
877 3621 1102 3700 immaculata,
1117 3642 1177 3686 nec
1193 3632 1370 3705 parentum
1388 3621 1528 3705 aspiciat
1543 3621 1746 3703 Unigenitus

618 3731 696 3784 tuus
713 3720 755 3782 ad
773 3728 911 3801 peccata
927 3741 934 3798 ;
1263 3779 1266 3784 ,

494 3835 540 3898 13.
566 3816 633 3883 Sed
651 3815 866 3899 parvulorum
884 3815 1030 3879 ululatus
1046 3813 1230 3878 clementer
1249 3815 1384 3891 exaudi,
1399 3832 1441 3878 ne
1463 3814 1496 3877 in
1516 3812 1653 3896 perenni
1669 3811 1747 3876 sub-

622 3913 777 3976 iiciantur
792 3909 912 3974 inferni
930 3911 1147 3975 formidolosa
1163 3911 1248 3974 adeo
1265 3930 1382 3993 poena.

494 4019 540 4083 14.
566 4001 634 4065 Eos
651 4000 797 4081 denique
824 4007 901 4081 post
927 4000 1011 4063 sacri
1040 3999 1253 4082 baptismatis
1278 3997 1404 4062 undam
1433 4005 1647 4079 regeneratos
1674 4015 1747 4079 per·

620 4096 741 4160 ducere
757 4097 905 4178 digneris
921 4097 963 4159 ad
982 4106 1117 4158 aeterna
1134 4094 1265 4178 gaudia.

529 4297 539 4336 1
554 4280 667 4336 Ancilla
680 4281 809 4334 Leodr'en.
839 4279 956 4334 Domini
971 4279 1155 4333 Cenomanen.
1175 4278 1327 4332 Virdunen.

527 4377 543 4430 3
557 4360 734 4417 descendunt
747 4361 859 4430 Apum.
887 4369 930 4413 est
940 4377 1007 4429 pars
1020 4360 1129 4429 Aquen.

526 4440 632 4511 4gravi
646 4440 719 4494 adeo
734 4439 919 4493 catalaunen.
936 4439 1120 4493 Cenomanen.
1140 4438 1292 4492 Virdunen.

527 4535 540 4591 5
555 4519 816 4592 protoplaustorum
830 4519 940 4589 Apum.
955 4519 1142 4572 Aurelianen.
1152 4517 1302 4571 Beluacen.

525 4602 542 4655 6
556 4617 629 4671 quae
642 4601 771 4654 Leodr'en.
785 4599 988 4652 Monasrerien.

511 4696 543 4734 ιο
555 4680 717 4736 benedictio
730 4689 773 4734 est
787 4680 889 4749 Aqurn
911 4680 938 4732 A
943 4679 1101 4732 arelium.
1115 4676 1316 4731 Monastm'err.
1332 4675 1522 4728 San‘sburien.

510 4776 537 4814 11
555 4760 601 4815 Ad
611 4777 697 4832 quarn
708 4759 891 4813 Catalaunen.
901 4759 1088 4812 Cenomanen.
1096 4757 1248 4812 Virduncn.
1262 4753 1426 4824 confugient
1437 4756 1547 4823 Aquen.
1555 4752 1740 4807 Sarisburicn

510 4855 542 4909 13
555 4857 573 4896 a
587 4841 651 4896 Deo
666 4839 841 4894 Cameracen.
858 4838 1044 4894 Catalaunen.
1060 4837 1254 4892 Sansbun'en.
