4096 5794
484 525 553 596 532
813 517 953 566 PROSAE
979 514 1167 564 11131311'11A1r
1193 509 1398 562 BECCENSIS

486 719 533 783 13.
557 701 698 766 Crucem
732 715 837 762 ovans
859 693 930 788 ⁶pie
968 693 1094 757 salutas
1131 689 1410 775 amplectensque
1448 695 1600 762 mortem,
1639 681 1745 748 virilis

485 911 531 972 14
556 794 823 976 Quidniiiesipisr
849 886 934 969 Quis
962 885 1049 947 hunc
1077 882 1236 948 terrebit?
1269 881 1376 964 Optat
1407 879 1573 963 torqueri!
1610 877 1745 960 Resipe,

612 986 711 1050 miser
728 985 830 1067 Egea.

484 1131 530 1196 15.
554 1115 616 1178 Vir
631 1113 713 1177 felix
728 1113 734 1175 !
752 1113 830 1175 Non
847 1111 961 1175 terreri
979 1109 1109 1175 Summi
1128 1107 1293 1190 Paraclyti
1309 1107 1393 1170 dant
1408 1103 1648 1180 consolamina,

484 1213 530 1276 16.
554 1210 621 1294 Qui
638 1229 769 1273 crucem
786 1208 927 1292 gradum
945 1205 1025 1270 sacis
1041 1207 1083 1268 ad
1101 1205 1221 1282 caelos,
1236 1222 1394 1266 ascensus
1411 1201 1600 1283 relinquens
1615 1197 1742 1275 infima,

484 1359 529 1422 17.
556 1342 645 1406 Nam
662 1340 706 1404 ab
720 1339 824 1403 humo
840 1357 981 1416 crucem,
999 1338 1042 1401 de
1058 1357 1153 1400 cruce
1170 1337 1256 1418 petis
1272 1336 1390 1411 sidera,

484 1442 530 1504 18.
555 1437 633 1521 Quo
650 1457 710 1500 nos
726 1445 760 1498 te
776 1443 950 1519 precantes
970 1443 1028 1496 tua
1044 1433 1155 1496 levent
1171 1431 1339 1515 suffragia,

485 1586 531 1649 19.
556 1568 625 1633 Ubi
642 1565 870 1630 collaudemus
888 1563 998 1628 Deum
1016 1570 1152 1627 aeterna
1168 1582 1228 1645 per
1243 1560 1385 1626 saecula.

515 1735 710 1786 Manuscrtt.
733 1729 846 1782 Pnnrs:
862 1726 934 1782 Bibl.
945 1727 1021 1794 Nat,
1033 1737 1109 1794 1105,
1121 1725 1220 1780 Missel
1229 1723 1265 1778 de
1273 1723 1402 1794 l’abbaye
1410 1723 1448 1778 du
1459 1723 1527 1791 Bec,
1535 1721 1594 1776 niiie
1604 1721 1697 1790 siecle,
1710 1719 1742 1774 Τ.

514 1873 533 1926 4
551 1860 580 1914 in
593 1859 674 1914 mitia
691 1859 721 1912 T.

516 1950 531 2002 7
551 1937 674 2008 spassim
690 1936 720 1989 T.

500 2014 532 2068 16
552 2013 608 2081 Qui
621 2023 730 2068 trucem
747 2009 777 2064 T.

625 2263 707 2354 384.
743 2258 801 2332 IN
835 2255 1237 2330 DEDICATIONE
1269 2255 1592 2330 ECCLESIAE.

505 2509 529 2553 1.
554 2488 748 2554 concinens
764 2487 876 2565 iubila,
890 2489 1007 2551 concio
1024 2487 1123 2563 socia,

502 2639 530 2685 2.
555 2622 757 2704 Laudesque
772 2640 895 2684 canora
912 2619 1118 2684 modulando
1135 2620 1262 2684 musica

503 2734 530 2798 3.
555 2715 667 2782 Suave
683 2738 804 2780 sonora
822 2716 872 2780 sac
890 2715 973 2779 haec
989 2715 1183 2798 penetralia,

500 2865 530 2926 4.
554 2846 651 2930 Quae
667 2847 768 2910 hodie
784 2857 914 2912 sacrata
933 2846 985 2910 1111
1003 2867 1103 2930 quem
1120 2845 1213 2910 nulla

504 2957 531 3022 5.
556 2943 660 3006 Facta
676 2943 847 3021 claudunt,
862 2943 986 3026 gaudia
1002 2945 1147 3006 innuunt
1163 2951 1286 3020 nostra,

501 3071 531 3133 6.
556 3071 628 3134 Iam
642 3091 714 3134 esse
730 3071 921 3136 Christiana
937 3071 1101 3153 templum
1120 3070 1183 3134 Dei
1200 3070 1344 3153 agmina.

502 3182 530 3247 7.
556 3163 656 3230 Dicta
673 3166 857 3249 apostolica
874 3165 1097 3252 comprobant
1112 3167 1251 3242 veracia,

502 3299 529 3360 8.
554 3296 654 3379 Quod
672 3319 731 3379 per
747 3319 782 3362 se
800 3299 957 3362 maiestas
974 3298 1047 3380 ipsa
1063 3299 1198 3362 dedicat
1212 3297 1385 3374 altissima,

502 3410 532 3474 9.
556 3393 642 3457 Cum
660 3391 725 3456 fide
741 3413 888 3476 purgans
903 3394 1032 3457 sincera
1047 3393 1195 3458 humana
1211 3393 1414 3476 praecordia,

482 3541 529 3588 10.
554 3523 706 3587 Flamine
723 3524 801 3589 facit
817 3527 953 3609 proprio
969 3525 1186 3604 flammantia,

484 3636 529 3682 11.
554 3619 702 3683 Invicem
721 3639 810 3685 nexa
826 3623 973 3686 caritatis
990 3622 1131 3705 copula;

483 3763 529 3810 12.
556 3747 603 3813 Ut
620 3747 671 3812 his
688 3749 855 3832 lapidibus
868 3751 952 3815 vivis
969 3772 1034 3816 una
1052 3751 1167 3834 templi
1185 3759 1300 3833 surgat
1317 3750 1480 3829 machina,

483 3859 529 3922 13.
556 3843 595 3906 In
613 3865 679 3927 quo
695 3846 738 3909 de
755 3847 896 3929 singulis
912 3848 1115 3931 complacita
1130 3849 1206 3912 viva
1222 3847 1346 3930 fragret
1361 3848 1480 3912 hostia.

484 3991 530 4052 14.
556 3975 651 4038 Haec
668 3984 718 4040 est
735 3976 791 4040 illa
810 3977 992 4042 Ierusalem
1011 3988 1127 4042 sancta
1143 3979 1186 4042 de
1201 3977 1295 4043 caelo
1310 3979 1512 4043 descendere
1528 3979 1607 4054 visa,

483 4083 529 4149 15.
553 4069 730 4153 Tanquam
748 4093 873 4155 sponsa
890 4074 962 4138 viro
978 4075 1151 4150 adornata,
1167 4094 1253 4157 quae
1269 4084 1319 4139 est
1334 4075 1429 4158 virgo
1446 4073 1596 4140 Ecclesia
1610 4094 1618 4151 ;

483 4203 531 4266 16.
555 4202 652 4285 Quae
669 4204 794 4269 Christi
811 4217 862 4270 est
877 4227 1007 4290 corpus,
1023 4207 1150 4284 civitas,
1167 4209 1297 4286 domus,
1312 4208 1477 4292 templum
1493 4217 1527 4271 et
1542 4225 1686 4288 sponsa;

482 4313 529 4377 17.
557 4299 666 4363 iustus
682 4302 823 4384 quisque
842 4303 1040 4380 membrum,
1056 4302 1175 4380 hostia,
1191 4302 1285 4386 lapis,
1300 4304 1420 4387 proles,
1435 4302 1553 4367 incola.

481 4431 527 4494 18.
553 4429 688 4512 Quibus
698 4433 850 4515 angelica
867 4445 979 4498 turma
996 4435 1151 4498 consocia
1168 4433 1357 4518 perficietur
1379 4437 1500 4500 domus
1524 4433 1581 4497 illa
1607 4431 1743 4508 caelica,

480 4541 526 4604 19.
551 4525 653 4590 Cuius
669 4526 796 4592 familia
814 4530 925 4594 Deum
943 4531 975 4593 in
993 4531 1126 4594 saecula
1151 4530 1321 4595 laudando
1343 4532 1432 4596 vivet
1456 4532 1554 4595 beate
1569 4537 1745 4611 perpetua.

476 4669 525 4718 20.
550 4656 729 4722 Gaudeant
745 4670 859 4725 nostra
876 4661 995 4725 intima
1022 4671 1124 4743 atque
1149 4684 1210 4746 pro
1234 4672 1329 4726 tanta
1354 4663 1463 4746 gratia
1488 4657 1654 4743 Largitori
1682 4657 1741 4721 ob·

605 4755 709 4817 noxia
724 4756 850 4820 obnixe
868 4767 964 4839 grata
981 4758 1170 4840 rependant
1186 4760 1324 4838 debita;

475 4861 523 4909 21.
550 4849 678 4931 Pangat
694 4851 795 4932 igitur
811 4874 880 4917 vox
897 4865 1012 4919 nostra
1029 4866 1065 4917 ut
1083 4854 1220 4920 laudum
1239 4857 1410 4921 reddendo
1431 4865 1509 4919 vota
1536 4851 1635 4916 simul
1663 4869 1741 4913 cum

607 4967 704 5028 prece
720 4948 843 5012 devota
859 4950 959 5033 plena
976 4951 1043 5014 iam
1060 4961 1158 5033 cepta
1173 4955 1347 5038 capiamus
1363 4953 1462 5016 dona.
