4116 5784
481 519 553 592 394
735 522 878 574 PROSAE
906 523 1114 574 ECCLESIAE
1141 525 1453 579 BVRDEGALENSIS

783 714 802 778 7
1404 723 1443 769 10

565 817 724 882 Truditur
741 828 911 900 praeterea
1193 827 1209 854 “
1226 822 1376 888 Stratum
1393 823 1419 902 ”,
1436 825 1543 909 inquit
1559 829 1660 905 ocius,

563 913 595 976 in
613 914 754 977 obscura
770 935 872 979 cavea
1193 918 1344 982 “vulnus
1360 940 1473 984 recens
1491 921 1611 1000 foveat,
1714 948 1717 953 ·

564 1009 659 1074 miles
675 1009 911 1076 invictissimus
926 1033 933 1091 ;
1193 1013 1249 1077 Nil
1266 1015 1300 1077 in
1317 1015 1396 1079 illud
1414 1037 1580 1100 asperum,

563 1103 667 1168 Testa
682 1125 835 1187 pungens
851 1107 1014 1191 frangitur
1193 1110 1273 1174 nihil
1290 1111 1410 1176 durum
1427 1113 1538 1178 lateat.

565 1208 598 1262 ct
614 1199 677 1262 sub
693 1199 749 1264 illo
765 1203 932 1284 spargitur
1405 1243 1438 1288 11

563 1303 600 1357 Ut
617 1293 708 1358 5⁰th
725 1297 955 1379 nequlffilmus·
1153 1335 1311 1398 Inimicus
1327 1336 1380 1399 hic
1396 1339 1534 1403 deorum

781 1451 799 1512 3
1151 1431 1335 1514 requiescat
1352 1433 1384 1495 in
1401 1433 1490 1499 hunc
1506 1446 1626 1513 torum,

1192 1527 1402 1592 convalescat
1418 1531 1541 1595 viribus
1556 1555 1562 1610 ;

1151 1621 1200 1686 Ut
1216 1621 1332 1686 dolore
1349 1635 1508 1690 renovato

1149 1739 1274 1800 poenas
1290 1720 1398 1784 solvat
1414 1721 1543 1800 iterato,
1591 1710 1593 1714 ’

1192 1834 1234 1878 ne
1249 1815 1385 1880 insultet
1402 1816 1537 1899 legibus.
1555 1819 1571 1846 ”

1402 1941 1439 1987 12

1150 2026 1257 2108 Igitur
1273 2025 1376 2090 sulcro
1393 2031 1519 2110 potitus

1148 2123 1241 2184 miles
1259 2123 1382 2187 Christi
1399 2125 1572 2189 redimitus

775 2218 797 2279 9
1189 2229 1296 2281 castra
1313 2219 1397 2300 petit
1412 2239 1532 2302 supera
1549 2243 1555 2298 ;

516 2327 659 2390 Nuntiat
674 2325 813 2391 anhelus
830 2327 927 2391 lictor
1146 2311 1223 2396 QUO
1242 2315 1318 2377 Rex
1334 2315 1408 2397 PIUS
1425 2315 1494 2378 eius
1512 2337 1608 2397 prece

515 2421 595 2503 quid
613 2420 759 2486 inclusus
775 2432 854 2506 agat
870 2423 984 2499 victor,
1146 2409 1335 2474 sublevatos
1352 2431 1412 2474 1103
1428 2412 1470 2474 de
1489 2411 1577 2475 faece

558 2519 638 2599 quid
656 2538 731 2580 curn
750 2538 790 2580 eo
806 2519 885 2581 socii
900 2539 907 2595 ;
1189 2510 1348 2591 perducat
1366 2518 1441 2590 post
1457 2510 1581 2574 funera.

516 2613 638 2676 Factus
654 2633 787 2696 praeses
804 2623 883 2677 tunc
901 2613 1084 2694 exsanguis
1402 2625 1438 2689 13

514 2710 731 2790 torquebatur
747 2709 838 2772 velut
853 2709 981 2790 anguis,
1232 2705 1342 2767 Amen
1362 2723 1449 2767 nunc
1465 2707 1579 2768 omnia

557 2824 617 2886 spe
632 2823 748 2866 carens
763 2802 900 2866 consilii.
1234 2797 1388 2864 Clament
1404 2801 1567 2864 canentia.

606 1575 793 1639 Caelestem
811 1577 972 1659 populum

605 1671 695 1754 capit
712 1673 916 1755 ergastulum

606 1768 769 1834 resultans
785 1770 939 1834 cantibus
955 1793 962 1852 ;

606 1863 659 1928 Fit
676 1864 827 1947 fragmen
844 1873 987 1929 testeum

603 1980 741 2042 gramen
759 1969 949 2025 nectareum

602 2075 733 2119 versum
752 2056 783 2118 in
802 2055 947 2121 floribus

507 2970 715 3021 Monusorlts.
739 2965 851 3020 Pnlus:
873 2966 945 3022 Bibl.
961 2968 1037 3034 Nat,
1051 2981 1125 3036 1132,
1136 2964 1273 3036 Tropaire
1284 2965 1319 3018 de
1333 2963 1553 3032 Sainr-Marrial,
1563 2963 1642 3034 piece
1652 2967 1729 3033 ajou-

471 3043 516 3098 tee
541 3061 576 3098 au
601 3044 814 3113 xii⁰siecle,G,·
847 3047 1088 3114 1139,1dem‚l⁰,·
1133 3045 1226 3113 11126,
1249 3043 1450 3113 xii‘siccle‚V,·
1480 3044 1541 3112 871,
1567 3043 1666 3097 Missel
1692 3045 1729 3099 de

472 3123 628 3193 Burdeaux,
642 3131 689 3178 xv‘
699 3123 793 3194 siecle,
809 3125 853 3179 W.

506 3253 587 3307 Cette
598 3255 684 3308 Prose
694 3271 711 3308 a
720 3253 765 3308 έῑέ
776 3253 888 3325 publiee
901 3255 1201 3324 pollemniacum
1214 3272 1220 3308 :
1235 3255 1334 3308 Nolice
1345 3269 1398 3307 sur
1409 3253 1448 3306 les
1460 3253 1548 3306 liures
1560 3253 1730 3322 lr'lurgr'ques

468 3333 516 3386 des
524 3332 641 3387 dioceses
652 3333 793 3402 d'Autun,
804 3333 913 3388 Chalon
925 3339 953 3388 et
966 3334 1077 3390 Maron.
1100 3334 1297 3401 Paris-Autan,
1312 3333 1390 3401 1883,
1403 3349 1429 3402 p.
1439 3346 1499 3398 491.

509 3497 556 3546 rd
588 3492 624 3546 de
638 3491 670 3560 (t)
684 3493 811 3548 carmina
826 3493 858 3548 G.
870 3493 902 3548 P.
918 3493 964 3549 W.
996 3510 1066 3563 pura
1087 3509 1135 3548 ore
1150 3491 1181 3561 (t)
1201 3493 1229 3547 V.
1261 3489 1407 3546 ttuncin
1427 3491 1455 3545 V.
1487 3491 1563 3545 vices
1581 3489 1728 3560 pontificis

471 3573 558 3641 gessit
568 3591 626 3629 non
639 3571 696 3627 alia
714 3573 742 3628 V.

507 3655 584 3708 2La
594 3652 718 3708 seconde
736 3655 827 3722 partie
845 3654 881 3709 de
901 3661 975 3708 cette
996 3653 1111 3722 strophe
1132 3668 1254 3722 manque
1274 3650 1346 3705 dans
1362 3649 1394 3704 G.
1426 3653 1446 3704 d
1476 3650 1521 3702 Ab
1534 3650 1588 3704 hoc
1608 3649 1650 3704 W.
1682 3649 1728 3703 Ad

470 3731 525 3785 hoc
539 3733 727 3802 Burdegalen.
759 3750 776 3787 e
807 3733 952 3788 dictitatus
971 3733 1000 3786 V.
1031 3732 1100 3786 dum
1112 3730 1211 3786 luisset
1225 3730 1265 3784 sic
1278 3730 1379 3785 citatus
1389 3729 1542 3784 Br'cterren.

505 3817 557 3876 4h
589 3813 629 3868 lci
649 3812 762 3867 s’arrete
781 3813 807 3867 le
826 3823 901 3868 texte
923 3813 960 3866 de
986 3812 1013 3866 V.
1046 3828 1063 3866 o
1094 3812 1179 3866 robor
1204 3810 1246 3864 W.
1270 3809 1456 3880 Burdegalen.
1488 3825 1505 3862 e
1533 3807 1653 3878 respersi
1667 3809 1730 3861 Bic-

469 3900 571 3948 temn.
603 3895 736 3964 respersit
767 3895 810 3949 W.
829 3895 1017 3965 Burdegalen.
1049 3905 1108 3948 tam
1134 3910 1233 3948 cruore
1249 3893 1281 3947 P.
1313 3897 1328 3946 l
1357 3903 1437 3948 actus
1450 3907 1572 3946 vernaus
1585 3891 1659 3945 vinei
1685 3891 1729 3943 W·

471 3973 659 4044 Burdcgalen.

508 4065 553 4122 5e
583 4053 730 4108 confessus
749 4053 793 4107 W.
807 4053 995 4123 Burdegalen.
1027 4057 1042 4106 t
1072 4053 1312 4106 ultraBicterren.

506 4135 557 4188 6a
587 4133 836 4203 parBurdegalen.
868 4151 884 4186 e
911 4133 983 4186 saltu
996 4132 1059 4186 serit
1075 4133 1107 4187 G.
1122 4132 1274 4186 Bicterren.
1303 4132 1391 4186 saltus
1404 4129 1467 4186 serit
1481 4130 1525 4184 W.
1541 4130 1728 4200 Burdegalen.

472 4217 486 4266 t
516 4212 659 4268 invectum
671 4213 705 4267 P.

507 4305 556 4359 7a
586 4291 720 4346 Traditur
735 4293 767 4347 G.
800 4297 821 4346 b
851 4292 934 4346 fovea
950 4291 1136 4362 Burdegalen.
1169 4297 1189 4346 d
1222 4301 1296 4347 testa
1308 4291 1428 4361 pingens
1442 4291 1594 4344 Bicterren.
1615 4299 1729 4359 turgens

476 4373 523 4426 W.
536 4371 725 4442 Burdegalen.
757 4390 774 4426 e
805 4373 946 4443 spergitur
960 4371 1148 4442 Burdegalen.

504 4452 551 4507 80
581 4467 693 4506 versum
707 4453 735 4506 in
748 4451 865 4507 floribus
879 4453 1030 4508 Biclerren.
1062 4470 1080 4508 e
1109 4469 1163 4506 nec
1176 4461 1298 4506 terreum
1320 4452 1473 4505 Br'clerren.
1501 4451 1651 4504 fresultat
1664 4467 1731 4505 can·

468 4531 544 4588 tibus
559 4532 711 4588 Br'cterren.

504 4619 555 4683 9b
585 4613 654 4685 quid
668 4615 793 4670 melusus
807 4615 961 4669 Br'cterren.
992 4633 1010 4670 c
1041 4614 1167 4686 quicum
1180 4616 1213 4668 P.
1229 4615 1383 4671 Bicterren.

491 4711 555 4750 roa
585 4697 721 4751 Tractum
731 4696 766 4752 P.

492 4793 519 4832 11
537 4783 558 4832 b
588 4778 769 4848 requiescens
796 4777 837 4832 W.
852 4779 1040 4848 Burdegalen.

493 4873 522 4912 12
537 4875 556 4913 a
587 4857 677 4913 fulcra
692 4859 897 4914 Patroclum.
929 4859 1008 4915 fulcit
1021 4861 1054 4915 P.
1086 4860 1180 4930 potius
1194 4859 1227 4928 (l)
1243 4859 1430 4930 Burdegalen.
1463 4864 1483 4914 b
1515 4859 1670 4915 redemitus
1686 4862 1730 4915 W.

474 4940 556 4994 cette
566 4939 681 5008 strophe
695 4957 819 5011 manque
831 4941 903 4996 dans
917 4941 943 4994 le
958 4940 1058 4996 Missel
1072 4941 1108 4996 de
1121 4940 1241 4996 Beziers.

496 5033 559 5090 13a
589 5019 656 5074 hinc
669 5021 765 5076 omnia
779 5022 826 5078 W.
840 5021 1029 5093 Burdegalen.
1061 5027 1083 5077 b
1111 5021 1243 5077 Clamant
1263 5021 1306 5075 W.
