4096 5794
629 543 771 597 PROSAE
799 549 1000 602 ECCLESIAE
1027 557 1304 612 CERNELIENSIS
1524 567 1596 640 579

342 711 488 768 Carnotcn.
516 728 581 772 sunt
595 717 783 778 immutabilia
800 725 902 780 U.LF.
918 728 974 784 CB.
991 731 1053 786 OA.
1072 734 1145 790 WE.
1161 738 1377 796 Hanmansoiv.
1409 745 1598 802 suntinmita·

340 791 407 846 bilia
422 793 498 849 CCC.
529 807 557 850 et
572 796 759 856 immutabilia
774 805 931 862 Cabr'lonen.

375 873 390 926 8
410 884 500 930 mater
509 887 552 931 est
566 879 602 932 N
631 897 661 934 es
673 893 764 938 mater
775 884 831 940 CB.

373 970 390 1021 9
408 955 496 1024 digna
515 959 625 1015 fuerant
648 963 795 1020 Carnoten.
828 968 899 1023 ferre
920 972 1027 1027 caelica
1049 976 1080 1030 O.
1112 991 1224 1036 sacrata
1245 1001 1368 1056 marique
1381 986 1452 1042 dans
1465 989 1497 1042 G.
1509 991 1547 1044 K.
1560 989 1597 1041 Ν.

339 1033 389 1088 N².
405 1037 436 1103 Q.
451 1037 484 1090 R.
498 1038 600 1095 ILLE.
612 1042 670 1098 LF.
687 1046 749 1100 OA.
765 1048 822 1101 CB.
834 1050 910 1104 CCC.
930 1051 969 1103 W
969 1053 1003 1106 E.
1019 1055 1177 1114 Cabilnnen.
1193 1062 1342 1119 Carnolen.
1356 1067 1465 1121 Edueu.
1481 1069 1596 1123 Clunia·

336 1130 390 1168 cen.
406 1117 622 1176 Hannarson

357 1208 390 1247 10
409 1197 490 1266 Quae
503 1198 538 1254 Α.
549 1200 644 1258 N.N².
658 1205 689 1260 O.
700 1207 779 1261 CCC.
793 1209 904 1265 Eduen.
933 1229 1008 1267 nunc
1021 1216 1129 1272 caelica
1147 1221 1185 1276 N
1210 1223 1273 1278 ΟΑ.
1291 1225 1367 1280 CCC.
1380 1227 1595 1286 Hmt'DEnsoN.

336 1291 389 1330 nec
410 1287 502 1332 terrea
524 1281 587 1336 LE.
630 1303 720 1340 necne
745 1299 837 1344 terrea
857 1291 932 1346 CCC.
977 1311 1068 1367 neque
1088 1301 1197 1370 corrige.
1218 1321 1253 1358 en
1274 1309 1440 1362 necneOsl.
1473 1328 1595 1366 necnon

338 1357 552 1416 HvaERSON.
584 1363 701 1420 laudant
726 1369 788 1422 On.
811 1371 886 1426 CCC.
908 1375 1123 1434 HENDERSON.
1151 1383 1274 1438 clamant
1297 1387 1444 1444 Camolen.
1480 1392 1596 1446 omnino

337 1451 460 1505 manque
473 1439 546 1494 dans
561 1441 593 1495 B.
605 1445 641 1497 N.
654 1447 704 1500 N².
719 1449 749 1501 0.
766 1449 797 1517 Q.
812 1450 846 1503 R.
865 1451 970 1506 ILLE.
989 1455 1051 1511 LF.
1075 1459 1138 1514 OA.
1162 1462 1217 1515 CB.
1234 1463 1310 1518 CCC.
1338 1467 1410 1522 WE.
1439 1470 1596 1525 cabilonen.

340 1513 486 1570 Cometen.
500 1519 610 1576 Educta
626 1525 787 1580 Cluniacen.
798 1529 1012 1587 Hrnomson.

360 1611 386 1649 11
409 1615 545 1655 canamus
560 1603 718 1663 Cabilonen.
750 1611 887 1666 fulserunt
902 1615 1052 1672 Carnolen.
1077 1619 1295 1678 Heu-ornauit
1329 1629 1426 1683 mundi
1447 1631 1485 1684 A.
1500 1633 1536 1685 N.
1552 1633 1598 1684 N'

338 1677 371 1731 R.
388 1679 411 1731 C
412 1680 443 1733 B.
461 1682 534 1737 WE.
550 1684 707 1742 cabilonen.
723 1689 870 1746 Carnoten.
881 1694 991 1752 Eduen.

360 1776 388 1813 12
409 1765 513 1818 saeculi
534 1767 645 1824 Edurn.
677 1771 754 1825 omni
777 1773 874 1828 dedita
898 1777 934 1830 N.
959 1780 1008 1834 111².
1033 1781 1065 1851 Q.
1086 1784 1120 1836 R.
1136 1783 1196 1839 LE.
1211 1787 1270 1841 LF.
1287 1789 1416 1846 ORCB.
1429 1794 1505 1848 CCC.
1525 1795 1598 1847 WE.

339 1841 718 1905 Caruoren.H12-nnrnson
749 1853 842 1908 omnis
852 1853 949 1910 dedita
963 1859 1072 1914 Eduen.
1093 1865 1187 1918 omnis
1195 1875 1238 1920 est
1248 1866 1316 1921 (lata
1331 1869 1492 1927 Cluniacen.
1522 1874 1598 1928 omni

338 1921 480 1980 debitat).
513 1929 623 1984 reddita
637 1932 796 1987 Cabilonen.
828 1945 873 1990 est
886 1937 998 1993 reddita
1016 1939 1047 1995 U.

358 2017 388 2070 13
407 2006 514 2060 caelica
526 2009 585 2062 LF.

357 2098 388 2149 14
408 2095 485 2154 patet
498 2087 580 2142 nobis
594 2089 631 2143 N
645 2091 697 2144 ΝΞ.

356 2175 386 2232 15
408 2165 488 2219 Cette
499 2166 624 2222 clausule
637 2181 664 2223 et
679 2171 705 2224 la
719 2171 849 2228 suivante
862 2185 926 2230 sont
941 2175 1118 2235 interverties
1132 2182 1203 2237 dans
1227 2185 1394 2242 Cabilonen..
1426 2190 1454 2244 in
1475 2201 1523 2247 tua
1536 2211 1595 2247 sus·

336 2243 514 2313 pendensA.
544 2249 794 2306 intuaCarnoten.
826 2253 913 2310 influo
937 2257 1023 2312 G.H.
1053 2260 1109 2315 iam
1132 2266 1273 2334 suspende
1288 2268 1325 2320 N.
1337 2268 1386 2322 Ν).
1399 2269 1431 2323 R.
1445 2271 1503 2325 CB.
1524 2273 1596 2330 WE.

338 2325 495 2380 Cobilonen.
513 2329 662 2383 Carnolen.
686 2331 847 2388 Cluniacen.
890 2335 945 2390 iam
968 2341 1146 2408 suspendens
1167 2344 1198 2398 0.
1212 2345 1243 2414 Q.
1258 2346 1288 2400 U.
1298 2347 1360 2401 LE.
1371 2348 1430 2403 LF.
1443 2351 1506 2405 ΟΑ.
1519 2353 1597 2407 CCC.

336 2409 366 2462 E
365 2409 438 2462 duen
449 2409 665 2466 Hanuanson.

357 2490 388 2543 16
407 2489 532 2544 fidelium
554 2491 712 2548 Cabilonen.
753 2494 903 2566 impetrata
925 2500 956 2553 O.
977 2501 1010 2569 Q.
1050 2504 1168 2560 caelitus
1191 2507 1320 2562 deferens
1340 2512 1372 2568 G.
1386 2512 1448 2566 LE.
1462 2513 1524 2567 OA.
1538 2515 1562 2568 C
1564 2515 1595 2568 B.

338 2571 414 2627 CCC.
429 2573 644 2629 Hrrvnanson.

358 2667 387 2719 17
409 2654 449 2707 Ut
462 2655 494 2708 G.
504 2655 537 2708 R.
549 2655 624 2708 CCC.
640 2655 802 2711 Cluniacen.
847 2659 884 2713 Et
897 2661 1006 2731 corrige
1025 2679 1060 2717 en
1076 2665 1117 2720 Ut
1132 2668 1195 2722 OA.
1239 2670 1363 2741 quietem
1376 2674 1409 2728 R.
1425 2675 1489 2729 OA.
1520 2675 1596 2746 quie·

337 2743 396 2786 turn
425 2735 636 2789 HENDEnsont
677 2737 811 2805 inclytam
834 2739 867 2792 R.
890 2740 1187 2802 OA.Ha¹.111)ERSON.
1229 2759 1386 2820 temporum
1407 2754 1517 2809 indulta
1537 2757 1595 2815 LF.

336 2815 447 2869 reddita
462 2816 624 2870 Clum'acen.

357 2896 386 2948 18
408 2897 472 2950 Hac
486 2897 513 2949 in
527 2897 585 2952 vita
597 2898 634 2950 N.
649 2897 701 2950 N².
714 2897 746 2951 O.
759 2897 791 2966 Q.
803 2898 836 2952 R.
845 2899 907 2953 LE.
918 2901 976 2956 LF.
991 2903 1052 2958 on.
1063 2906 1119 2959 CB.
1136 2907 1212 2964 CCC.
1227 2911 1299 2966 WE.
1313 2913 1471 2971 Cabilonen.
1487 2917 1592 2971 Carno-

335 2979 387 3029 ten.
398 2977 509 3031 Eduen.
524 2979 684 3032 Clum'ncen.
700 2978 913 3035 HENDERSON,
1401 2995 1406 3004 ·

355 3069 386 3123 19
405 3057 503 3110 urania
519 3058 549 3110 O.
566 3057 597 3126 Q.
612 3057 674 3111 LE.
690 3056 751 3110 ΘΑ.
769 3055 845 3110 CCC.
859 3058 1074 3117 Havoarson.
1109 3066 1171 3120 Nos
1184 3068 1238 3123 duc
1254 3069 1411 3128 Caba'lonen.

351 3149 380 3186 21
404 3135 572 3191 Exclament
588 3138 619 3190 G.
634 3136 685 3190 N².
706 3136 737 3188 O.
750 3135 781 3203 Q.
796 3135 856 3190 LF.
870 3138 933 3194 OA.
955 3141 1032 3195 CCC.
1057 3143 1128 3198 WE.
1146 3145 1305 3204 Cabilonen.
1321 3152 1482 3209 Clum'acen.
1505 3157 1590 3210 HEN·

332 3225 470 3271 naason:
492 3218 529 3272 Et
546 3219 669 3272 clament
690 3216 800 3269 Eduen.
828 3217 997 3275 Exclamant
1020 3223 1075 3276 CB.
1098 3224 1245 3283 Cometen.
1276 3231 1447 3288 Exclamans
1462 3236 1500 3290 H.
1535 3239 1589 3290 Ex-

333 3295 436 3351 clamat
457 3297 495 3350 N.
536 3297 737 3351 Exclamemus
757 3295 791 3348 R.
832 3297 1009 3370 Subiungant
1032 3301 1109 3372 pium
1132 3307 1228 3361 omnia
1249 3311 1342 3364 Amen
1369 3314 1516 3386 redempta
1528 3317 1590 3370 LE.

332 3376 693 3448 redemptamanquedans
709 3378 925 3434 HENDERSON.

581 3672 663 3740 412.
696 3647 770 3720 DE
810 3649 1033 3726 SANCTO
1070 3653 1352 3734 ALPHEGO.

360 3889 383 3936 1.
407 3873 463 3936 Ad
480 3872 563 3936 haec
579 3873 720 3936 colenda
736 3876 858 3957 gaudia

356 4021 382 4068 2.
408 4003 504 4087 Quae
520 4003 668 4086 Alphegi
685 4005 895 4088 triumphalis
911 4007 1053 4071 adornat
1070 4011 1215 4088 victoria,

356 4113 383 4176 3.
408 4096 590 4160 Mellifluae
606 4098 763 4162 Trinitati
781 4098 1010 4180 persolvamus
1026 4103 1164 4179 cantica,

353 4246 382 4306 4
407 4227 511 4294 Cuius
527 4227 604 4292 fidei
621 4229 710 4293 clara
725 4250 898 4292 assumens
915 4231 1059 4312 insignia

352 4336 377 4403 5.
402 4322 459 4387 Ad
476 4323 617 4388 nihilum
634 4325 763 4406 redegit
782 4325 918 4407 maligni
940 4326 1122 4392 molimina.

351 4453 379 4516 6.
404 4454 496 4517 Dum
514 4453 608 4518 sortis
624 4454 784 4535 patiendo
801 4464 942 4518 mortem
960 4457 1002 4518 ad
1021 4475 1125 4538 usque
1141 4477 1235 4521 suam
1253 4460 1358 4523 odivit
1374 4460 1530 4539 animam,

353 4563 380 4628 7.
407 4549 455 4614 Ut
471 4551 574 4614 vitam
591 4551 624 4613 in
641 4560 821 4626 aeternam,
839 4550 954 4614 mortis
971 4552 1041 4614 iure
1056 4552 1194 4630 calcato,
1211 4556 1393 4619 custodiret
1409 4577 1493 4620 eam.

353 4679 381 4742 8.
405 4678 508 4743 Omni
525 4681 643 4762 plenus
658 4679 767 4763 gratia
784 4678 889 4744 multa
906 4681 999 4744 dedit
1016 4681 1161 4764 insignia
1173 4683 1344 4761 virtutum,
1357 4686 1447 4748 verbi
1463 4687 1592 4749 semina

463 4797 623 4861 spargens
639 4798 698 4860 per
715 4776 886 4840 incredula
902 4777 1085 4841 carnalium
1103 4780 1225 4856 corda;

355 4889 384 4950 9.
409 4873 476 4939 Sed
493 4876 588 4958 plebs
604 4877 671 4940 veri
689 4873 812 4950 nescia,
828 4894 931 4956 agens
949 4885 1062 4938 mente
1080 4875 1221 4958 lapidea,
1245 4889 1361 4943 sancta
1384 4880 1448 4942 Dei
1467 4881 1593 4944 lamina

465 4972 601 5055 spernit,
617 4993 655 5034 ac
671 4969 902 5035 omnimodam
920 4971 1110 5053 prorumpit
1127 4971 1159 5034 in
1177 4971 1268 5036 iram.
