4108 5794
633 551 774 604 unosnu
802 553 1005 606 accussrnn
1032 557 1327 611 rnnuuurnsrnu
1516 569 1585 640 255

570 735 649 822 167.
684 730 741 802 IN
776 731 1093 809 EPIPHANIA
1124 737 1353 814 DOMINI.

639 919 650 964 ¹
1265 927 1280 993 5

334 1029 501 1092 Decorata
518 1027 623 1093 tribus
640 1028 806 1092 miraculis
983 1033 1028 1096 Et
1044 1035 1134 1116 quod
1151 1037 1194 1100 sit
1210 1059 1270 1102 rex
1286 1039 1435 1123 Virginis
1452 1043 1556 1107 Filius

331 1143 407 1188 cum
424 1124 577 1188 cantibus
593 1123 722 1188 colatur
737 1124 861 1188 sedulis
981 1131 1044 1195 hoc
1060 1153 1120 1215 per
1136 1156 1252 1202 aurum
1269 1139 1421 1220 signatur
1436 1141 1564 1220 clarius,

332 1221 364 1284 in
381 1222 547 1304 gentibus,
562 1221 725 1298 tribubus,
740 1222 873 1305 populis
983 1247 1041 1310 per
1056 1229 1134 1293 thus
1150 1234 1240 1315 quod
1258 1234 1300 1298 sit
1312 1234 1405 1300 Deus
1421 1239 1585 1321 propitius

502 1317 572 1381 dies
589 1319 652 1382 ista
667 1337 675 1394 ;
700 1389 701 1392 Ἴ
1132 1327 1278 1394 innotuit
1294 1352 1301 1410 ;

333 1411 432 1476 Hanc
442 1413 635 1496 prophetae,
646 1413 761 1496 priscis
774 1433 793 1477 a
809 1413 958 1508 saeculis,
981 1417 1119 1502 Myrrha
1130 1422 1240 1506 signat
1252 1428 1341 1509 quod
1353 1429 1396 1492 sit
1408 1431 1584 1511 passibilis,

330 1500 502 1583 signavere
519 1500 633 1564 multis
650 1501 861 1579 umbraculis,
979 1514 1082 1580 homo
1098 1539 1176 1583 vero
1192 1523 1451 1605 incorruptibilis

331 1597 527 1679 praedixere
545 1595 658 1660 mullis
674 1597 827 1675 oraculis,
980 1611 1078 1696 culpa
1094 1623 1226 1680 tantum
1244 1618 1340 1682 nobis
1356 1620 1527 1687 dissimilis

503 1701 536 1756 et
552 1691 736 1775 psalmista.
1132 1731 1265 1796 semper
1280 1713 1351 1780 suit.

635 1829 652 1874 ²
1262 1863 1283 1926 6

331 1931 480 1997 Verbum
494 1933 602 1997 Patris
615 1931 798 1996 condolens
813 1933 941 1997 bomini

214 2029 216 2032 .
330 2049 452 2093 novum
470 2029 565 2093 dedit
579 2039 780 2111 conceptum
798 2029 940 2112 Virgini,
983 2002 1083 2068 Hunc
1102 2005 1356 2075 Iordanislavat
1373 2012 1405 2076 in
1424 2013 1560 2082 flumine

328 2145 427 2209 quam
445 2126 606 2190 intactam
624 2125 768 2208 Spiritus
786 2125 925 2189 Domini
979 2099 1029 2162 Vis
1044 2101 1216 2183 ΡΥΟΡῙῚΕΜ»
1232 2113 1377 2172 testante
1394 2109 1570 2198 flammei

500 2223 709 2286 conservavit
723 2243 731 2300 3
971 2195 1059 2276 ¹dum
1078 2195 1207 2262 lavatur
1222 2219 1283 2264 nos
1299 2201 1389 2268 lavat
1405 2207 1543 2274 crimine

329 2317 394 2384 Sed
406 2336 607 2383 conservans
618 2317 726 2381 Patris
736 2317 954 2400 propaginem
1016 2388 1023 2402 ι
1132 2315 1226 2359 mens
1242 2297 1378 2380 dlllssai

327 2413 475 2478 totaliter
490 2415 673 2496 assumpsit
690 2413 860 2477 hominem
880 2437 887 2478 :
979 2388 1081 2452 Dirae
1099 2392 1214 2455 mortis
1230 2392 1284 2456 hic
1299 2395 1389 2460 delet
1404 2399 1556 2466 debitum

326 2520 417 2575 totus
433 2529 562 2574 sursum
579 2521 613 2573 et
629 2519 720 2573 totus
736 2509 910 2592 Virginem
980 2483 1155 2599 lngenllus
1171 2507 1230 2569 Pes
1248 2487 1478 2572 Unigenitum,

501 2607 710 2671 subintravit·
978 2602 1012 2646 1n
1029 2603 1139 2666 specie
1155 2595 1348 2667 praesentat
1364 2588 1526 2674 Spiritum

632 2744 649 2808 3
1130 2681 1330 2749 columbina

329 2844 394 2930 Qui
411 2854 576 2910 natusest
593 2847 656 2911 sub
673 2848 789 2911 mundi
809 2867 955 2930 vespere,
1260 2856 1279 2920 7

327 2942 419 3006 cuius
435 2952 546 3006 ortum
565 2941 702 3008 intentis
718 2943 826 3006 sidere

326 3037 507 3104 declaravit
524 3039 623 3103 Pater
639 3038 682 3102 ab
698 3038 831 3104 aethere

499 3133 680 3219 gentilibus
694 3157 700 3212 ;

327 3231 467 3298 Stellam
484 3234 573 3317 magi
590 3233 705 3298 vident
722 3232 755 3295 in
772 3253 856 3310 aere,

979 2987 1066 3053 Caro
1080 3001 1216 3072 sumpta
1234 2993 1331 3057 nobis
1348 2997 1512 3063 visibilem

978 3103 1077 3166 quem
1089 3085 1212 3150 iecerat
1221 3107 1360 3170 parvum
1374 3100 1408 3154 et
1420 3091 1580 3160 humilem

977 3198 1065 3262 aqua
1081 3181 1183 3244 sensit
1201 3181 1311 3246 Deum
1330 3185 1515 3252 mirabilem

328 3330 454 3414 Regem
468 3340 584 3396 natum
595 3331 951 3413 disponuntquaerere:
977 3371 1107 3436 Lumen
1123 3277 1303 3439 ξέῐῗῐὲῃὲἓ
1305 3289 1391 3441 1ζὲῐο
1408 3378 1552 3446 Lumine

326 3437 469 3508 quantus
485 3427 528 3491 sit
553 3427 630 3490 Rex
647 3425 763 3489 volunt
776 3427 952 3490 ostendere

499 3521 691 3586 muneribus
976 3465 1091 3531 Verbo
1106 3488 1201 3533 sacro
1221 3469 1345 3544 factum
1366 3475 1399 3537 in
1418 3475 1559 3560 Virgine
1576 3501 1583 3556 ;

976 3571 1055 3626 tunc
1071 3565 1162 3646 quod
1180 3565 1273 3629 Deus
1289 3579 1360 3633 erat
1377 3570 1409 3633 in
1427 3571 1563 3638 homine

627 3661 649 3722 4
1064 3676 1069 3687 ·
1128 3663 1292 3743 apparuit.

327 3761 460 3828 Novum
478 3763 570 3827 sidus
586 3763 665 3828 facit
677 3763 847 3840 indicium,
1258 3809 1277 3872 3

324 3881 417 3943 reges
435 3859 525 3942 magi
541 3871 726 3943 sequuntur
742 3861 913 3942 praevium

325 3976 429 4039 usque
445 3955 565 4034 locum,
581 3957 707 4020 intrant
723 3955 892 4038 tugurium
975 3948 1116 4012 Trinum
1134 3947 1253 4013 festum
1271 3971 1424 4018 curemus
1441 3956 1558 4038 colere,

497 4063 610 4116 mente
626 4053 681 4135 pia
695 4074 702 4130 3
976 4045 1079 4108 Trlno
1096 4045 1200 4108 trinas
1217 4045 1331 4111 laudes
1347 4051 1546 4131 persolvere,

325 4147 480 4227 Matrem,
498 4147 635 4225 Natum,
656 4167 838 4229 senemque
850 4147 951 4229 trepi-
974 4141 1062 4204 trino
1078 4141 1218 4204 Trinum
1236 4141 1331 4207 lateri
1348 4167 1485 4213 munere

868 4245 948 4307 dum
1125 4239 1328 4304 studeamus

324 4342 499 4423 reperiunt,
512 4339 656 4404 offerunt
672 4337 853 4404 candidum
973 4335 1113 4398 Trinum
1132 4333 1242 4398 Deum
1260 4347 1292 4399 et
1310 4357 1413 4404 unum
1430 4342 1564 4408 credere

322 4435 399 4500 thus
415 4445 448 4500 et
461 4435 630 4519 myrrham
644 4455 828 4518 aurumque
840 4432 949 4518 splen·
974 4449 1167 4520 satagamus
1183 4438 1292 4502 verbis
1308 4451 1341 4504 et
1357 4462 1466 4526 opere,

804 4539 921 4603 didum
941 4561 948 4602 :
970 4535 1094 4617 detque
1110 4533 1233 4597 Trinus
1250 4546 1285 4600 ut
1303 4537 1424 4603 Secum
1442 4542 1552 4606 vivere

496 4633 560 4699 ista
576 4635 647 4700 tria
1123 4631 1302 4696 valeamus.

360 4819 552 4870 manuscrit.
570 4814 682 4870 Panis:
704 4813 775 4868 Bibl.
792 4813 868 4883 Nat,
879 4813 958 4882 8889,
973 4809 1073 4866 Missel
1086 4810 1122 4866 de
1135 4811 1310 4880 Tarentaise,
1321 4813 1506 4886 xvssieeleJ.

361 4941 371 4982 1
388 4933 409 4984 b
438 4930 565 4985 colamus
583 4929 613 4986 T.
649 4949 670 5000 g
691 4931 759 4986 'suis
769 4929 890 4984 oraculis
904 4928 1065 4983 Massilien.

357 5023 403 5064 20
433 5026 463 5065 se
485 5027 657 5067 conservans
684 5009 842 5065 Massiliam.
874 5025 895 5078 g
925 5019 1015 5065 totum
1033 5025 1144 5063 sursum
1169 5007 1198 5062 T.
1227 5016 1267 5063 tot
1282 5023 1392 5064 sursum
1415 5009 1577 5072 Massilien.

326 5097 353 5146 et
366 5099 457 5146 toturn
474 5091 505 5145 T.
