4096 5794
596 553 738 606 PROSAE
765 551 970 604 ECCLESIAE
996 547 1274 602 CERNELIENSIS
1488 527 1558 618 587

612 748 627 816 5
979 731 1090 795 Huius
1106 729 1203 794 theca
1219 729 1297 792 vicit
1314 727 1436 802 iocum,

351 836 443 899 Inter
458 834 591 916 signum
609 829 791 894 mansionis
977 828 1019 891 ad
1037 845 1281 911 quemcumque
1297 823 1400 887 fertur
1416 823 1525 886 locum

270 1011 273 1017 Ι
394 931 455 993 erit
472 928 531 992 tibi
549 926 692 990 baculus
1022 924 1199 987 vincuntur
1215 919 1376 984 incendia.

353 1026 523 1091 fraxineus
540 1021 628 1086 fixus
644 1022 757 1100 hum0,
1242 1053 1261 1113 3

396 1123 538 1186 tendens
554 1121 595 1182 ad
613 1117 754 1201 fastigia.
770 1115 787 1144 ''

354 1217 450 1283 Clam
467 1215 622 1292 surrexit,
634 1213 778 1296 regionis

355 1334 421 1378 non
438 1311 599 1377 affectans
615 1319 838 1394 potentatum,

356 1429 414 1472 nec
432 1407 573 1471 adscivit
589 1425 792 1488 quemquam
808 1403 880 1481 sibi,
986 1463 1017 1527 N
1028 1386 1060 1430 m
1077 1364 1176 1429 huius
1191 1373 1403 1521 praesentpa3

398 1522 549 1586 gemens,
564 1502 648 1565 dans
664 1502 815 1583 suspiria·
1021 1484 1039 1526 e
1055 1482 1075 1526 a
1091 1480 1195 1543 regno
1211 1481 1272 1524 nos
1289 1481 1348 1524 cae
1361 1479 1456 1522 orum

616 1599 637 1660 6
985 1559 1094 1641 privet
1108 1556 1207 1621 sorde
1223 1557 1379 1620 vitiorum

984 1173 1256 1256 Exstinguantur
1270 1170 1447 1246 incentiva,

983 1271 1026 1334 sit
1043 1290 1137 1333 mens
1153 1277 1266 1332 nostra
1284 1266 1431 1329 rediviva

487 1685 582 1751 Sicut
598 1704 713 1747 cervus

487 1782 551 1844 Dei
568 1799 682 1843 servus

486 1876 614 1940 sontem
631 1876 770 1958 quaerit,

488 1992 549 2036 nec
566 1972 692 2035 invenit

360 2072 392 2133 in
409 2067 561 2133 orientali
578 2067 714 2150 Anglia.

490 2161 742 2237 Transiretavit,

490 2259 671 2342 repedavit,

492 2376 553 2419 nec
570 2354 742 2418 fraudatus

493 2450 535 2514 ad
553 2470 690 2514 occasus

407 2539 533 2604 invenit
549 2538 677 2602 solatia.

625 2641 643 2705 7

1029 1655 1137 1718 camis
1153 1651 1347 1737 petulantia.

1246 1801 1267 1862 9

987 1894 1112 1970 Caecis
1129 1895 1239 1972 mutis,
1255 1895 1372 1971 surdis,
1387 1893 1516 1959 claudis

1033 1990 1334 2074 impertita'gratia‚

990 2087 1205 2152 Praeconizat
1221 2089 1319 2152 huius
1336 2087 1442 2152 sancti

1034 2193 1160 2265 quanta
1175 2193 1253 2248 sunt
1270 2184 1421 2268 insignia.

1245 2329 1284 2375 10

993 2434 1201 2499 Absentetur
1216 2456 1317 2499 omne
1333 2436 1468 2512 malum,

993 2549 1144 2613 quosque
1159 2532 1280 2613 premit
1297 2531 1354 2594 leti
1370 2531 1477 2595 salum

1037 2626 1150 2690 iuvent
1165 2625 1247 2690 haec
1263 2625 1446 2691 sollemnia.

366 2725 506 2787 Fontem
523 2722 662 2805 quaerit,
678 2741 738 2785 nec
754 2721 787 2783 in
800 2740 922 2783 vanum
939 2741 945 2798 ;
992 2721 1069 2785 Hoc
1085 2723 1264 2787 concinens
1281 2732 1394 2786 noster
1413 2722 1533 2786 chorus

365 2819 417 2882 hic
433 2816 629 2882 nonnullum
647 2817 755 2880 reddit
772 2837 890 2880 sanum
995 2817 1027 2879 in
1046 2817 1199 2881 Edwoldi
1216 2820 1259 2882 sit
1274 2837 1414 2882 sonorus

408 2934 466 2995 per
482 2913 552 2977 eius
568 2911 726 2994 suffragia
742 2933 748 2989 ;

1036 2913 1235 2976 confessoris
1251 2912 1366 2995 gloria.

357 3057 552 3108 Manusorit.
573 3053 784 3105 Cnnrssmnuu:
806 3050 878 3106 Bibl.
894 3050 929 3106 de
940 3050 1131 3120 l'Universitc,
1150 3049 1345 3123 sequentiaire
1358 3051 1503 3117 deCeme‚
1518 3066 1581 3102 vers

325 3139 400 3202 1400,
415 3132 471 3187 CB.

356 3259 405 3299 za
436 3253 465 3298 ut
478 3243 645 3312 astipulatur
660 3241 717 3296 CB.
731 3242 827 3296 donne
840 3258 895 3298 une
909 3242 1018 3311 syllabe
1031 3241 1067 3300 de
1080 3251 1151 3313 trop.
1184 3258 1201 3296 o
1233 3240 1395 3296 Eadmnndi
1413 3241 1467 3294 CB.

357 3325 404 3378 60
435 3341 498 3380 vers
511 3324 582 3378 saux.
616 3329 625 3377 l
653 3323 690 3378 ad
703 3339 836 3380 occasum
851 3322 907 3377 CB.

344 3417 405 3457 100
436 3402 596 3457 Eaduvoldi
616 3401 669 3457 CB.

581 3598 665 3665 420.
698 3573 773 3646 DE
804 3571 1028 3648 SANCTO
1060 3571 1323 3648 NICOLAO.

637 3779 645 3823 r

414 3857 549 3923 Christo
568 3857 653 3939 Regi
670 3857 802 3921 cantica

413 3975 532 4018 vocum
550 3975 609 4038 per
623 3956 815 4019 discrimina

414 4050 760 4132 mmmmm,

415 4145 518 4211 Cuius
534 4165 578 4209 ex
595 4149 748 4229 potentia

414 4242 580 4324 prodeunt
597 4243 757 4308 miracula

415 4337 476 4401 sibi
495 4358 560 4402 non
578 4339 721 4404 insolita.

634 4457 653 4503 2

417 4523 484 4608 Qui
501 4525 642 4607 replevit
660 4527 809 4591 maxima

418 4620 596 4689 Nicolaum
613 4623 720 4704 gratia

416 4718 568 4780 strictum
588 4717 698 4783 adhuc
715 4718 817 4783 sascia
834 4743 842 4800 ;

418 4814 506 4877 Nam
525 4813 610 4878 inter
625 4819 807 4900 crepundia

417 4919 545 4991 quarta,
561 4922 659 4975 sexta
676 4913 765 4990 seria,

419 5007 520 5080 semel
537 5011 630 5078 suxit
647 5012 756 5080 ubera.

1045 3857 1143 3922 Felix
1160 3780 1302 3941 pueritla

1044 3959 1225 4023 senectutis
1240 3979 1342 4041 opera

999 4075 1001 4080 ’
1045 4054 1149 4136 gessit
1164 4053 1241 4118 facti
1259 4053 1377 4117 nescia.

1046 4150 1078 4215 O
1096 4150 1195 4214 beata
1211 4149 1363 4232 parcitas,

1044 4265 1129 4327 quae
1146 4246 1230 4308 mira
1245 4245 1427 4328 prImordia

1048 4340 1178 4406 Nicolai
1196 4343 1336 4406 nuntiat.

1051 4529 1158 4593 Patris
1175 4461 1425 4611 fugarlcrimina

1048 4625 1160 4689 dantis
1176 4645 1236 4707 per
1253 4625 1402 4706 inopiam

1053 4731 1199 4785 scortum
1217 4720 1287 4784 iore
1304 4720 1397 4798 filias¹

1051 4819 1143 4903 Quas
1159 4818 1209 4882 vir
1226 4819 1289 4881 Dei
1308 4819 1468 4883 miserans

1049 4916 1119 4979 auri
1136 4914 1249 4978 dando
1265 4915 1415 4997 pondera

1049 5014 1154 5081 traxit
1171 5012 1214 5076 ab
1231 5013 1378 5081 infamia.
