4116 5784
639 503 783 555 PROSAE
811 507 1013 559 ECCLESIAE
1039 511 1290 565 ABRINCENSIS
1527 525 1598 592 323

606 687 688 755 216.
721 683 796 756 DE
827 685 1051 760 SANCTA
1082 689 1337 768 MARTHA.

650 905 661 950 1
1146 900 1241 966 Haec
1256 917 1446 988 serpentem

430 1020 467 1082 In
487 1021 642 1086 Marthae
659 1024 836 1091 sollemnio
1143 1010 1349 1064 saewesstem

395 1183 396 1186 Ἴ
427 1126 554 1198 pangat
570 1119 679 1182 omnis
694 1123 812 1185 concio
1012 1097 1113 1171 atque
1128 1111 1280 1176 quaeque
1296 1099 1523 1168 destruentem

427 1211 561 1276 Christo
578 1214 682 1279 melos
698 1217 833 1299 gloriae,
882 1205 885 1212 ¹
1055 1183 1171 1268 ligavit
1186 1209 1262 1252 cum
1272 1194 1421 1384 giflgMO·

643 1354 662 1399 2

427 1452 535 1536 Quem
553 1451 634 1518 haec
651 1477 767 1522 carens
784 1461 866 1524 vitio
1145 1439 1247 1505 quta
1263 1442 1386 1510 flumen

425 1550 572 1631 suscepit
587 1550 735 1634 hospitio
1142 1544 1235 1600 Stans
1253 1549 1289 1603 ut
1305 1561 1439 1656 numen,

373 1692 377 1698 .
425 1663 500 1711 cum
518 1644 611 1708 vultu
629 1645 800 1730 laetitiae;
1142 1634 1222 1698 dum
1241 1639 1300 1749 da}
1318 1652 1399 1706 mlte

425 1739 576 1804 Christus
593 1740 715 1824 hospes
732 1746 900 1830 hospitam
1058 1824 1064 1837 .
1143 1733 1244 1796 verba
1257 1745 1357 1844 Υῑῗὲθ,

425 1837 555 1898 caritati
572 1838 722 1902 deditam
1055 1824 1166 1888 infans
1183 1849 1264 1892 man
1283 1836 1464 1916 mergitur:

423 1931 613 2013 hospitatur
627 1932 737 2000 hodie.
1143 1923 1242 1988 Illum
1260 1939 1379 2008 gentes

642 2073 658 2135 3
1141 2032 1306 2100 quaerunt
1322 2023 1461 2106 flentes;

1140 2107 1192 2168 cui
1209 2119 1341 2190 reperto

339 2245 342 2252 Ι
425 2172 580 2237 Marthae
596 2174 696 2240 frater
713 2190 863 2244 mortuus
1139 2201 1172 2264 in
1189 2213 1306 2284 aperto

423 2275 492 2332 erat
505 2269 570 2332 iam
589 2273 784 2353 quatriduus
1051 2296 1212 2375 perhanc
1229 2300 1297 2364 vita
1314 2304 1471 2372 redditur.

422 2372 455 2426 et
471 2363 601 2428 foetens
618 2367 650 2429 in
667 2370 806 2449 tumulo,

423 2457 508 2523 Cum
525 2459 678 2526 Christus
694 2463 782 2529 hunc
798 2470 951 2550 precibus
1045 2544 1052 2558 .
1139 2547 1145 2560 ι
1267 2445 1287 2511 7

423 2555 586 2636 Marthae,
602 2561 719 2624 mortis
735 2563 860 2628 visibus
1008 2543 1099 2608 Vrna
1115 2557 1225 2610 vitans
1242 2549 1324 2616 haec
1340 2555 1497 2638 degebat,

423 2651 544 2731 fractis,
561 2656 669 2719 reddit
686 2659 828 2725 saeculo.
1008 2640 1111 2704 semel
1127 2644 1182 2706 die
1198 2649 1397 2714 00medeb³t

1007 2734 1158 2818 glandes,
1174 2759 1284 2820 nuces,
1300 2765 1383 2826 quas
1400 2746 1543 2830 legebat,

627 2803 660 2864 '¹4
1010 2832 1149 2914 iympha
1165 2836 1255 2900 sitim
1272 2843 1447 2908 coercebat
1462 2867 1470 2924 ;

423 2901 512 2966 Huic
528 2903 622 2968 dedit
638 2904 839 2987 facundiam,
1008 2931 1109 2996 Nuda
1125 2937 1228 3016 pedes
1245 2939 1432 3023 incedebat,

421 2999 635 3081 praedicandi
651 3003 804 3082 gratiam,
1005 3045 1093 3108 genu
1111 3031 1236 3094 centies
1252 3033 1417 3117 flectebat,

420 3113 519 3176 super
534 3114 653 3178 aegros
669 3097 770 3162 etiam
1007 3133 1113 3202 nocte,
1129 3125 1192 3204 die,
1208 3149 1243 3192 se
1260 3133 1447 3218 stringebat

420 3191 584 3254 concessit
600 3193 787 3274 Ροῐθΰῖῑὸῐη
804 3218 811 3274 3
1006 3220 1085 3282 setis
1102 3222 1178 3304 equi
1195 3247 1201 3288 :
1217 3226 1263 3289 sic
1280 3229 1423 3298 vivebat.

420 3286 503 3352 Erat
520 3287 649 3370 fulgens
667 3289 750 3354 facie
1267 3357 1286 3417 8

420 3393 452 3448 et
468 3383 544 3447 fons
559 3386 753 3467 sapientiae,
1501 3483 1507 3496 ,
1534 3484 1542 3498 ‚

419 3480 506 3543 rivus
523 3481 699 3561 amicitiae,
1006 3464 1152 3533 Mortem
1169 3493 1264 3537 suam
1281 3476 1365 3541 haec
1381 3493 1571 3564 praesctvrt,

419 3574 630 3656 impetratrix
647 3581 771 3646 veniae·
1006 3564 1084 3644 quia
1101 3565 1253 3632 Christus
1269 3577 1504 3657 praemunivit,

1003 3659 1091 3723 hanc
1107 3662 1140 3724 in
1158 3675 1265 3729 morte
1280 3670 1459 3736 tumulavit

638 3721 653 3787 5
1004 3775 1080 3818 cum
1099 3757 1270 3824 Frontone
1285 3783 1385 3845 quem
1402 3770 1550 3848 amavit;

505 3830 675 3898 Christum
692 3839 785 3918 pavit
1004 3850 1148 3932 Martha,
1164 3857 1246 3919 caeli
1263 3860 1383 3923 sedens
1398 3865 1488 3936 sede,

502 3950 603 4011 quern
620 3933 754 4009 amavit,
1003 3956 1038 4010 tu
1056 3968 1117 4029 pro
1133 3950 1230 4013 nobis
1246 3953 1425 4034 intercede,
1487 3999 1488 4003 =

377 4041 496 4088 nomen
514 4025 597 4090 Eius
614 4029 819 4110 praedicavit
1005 4053 1041 4106 ut
1057 4066 1119 4108 nos
1135 4058 1256 4128 tecum,
1271 4072 1333 4132 pro
1350 4058 1511 4136 mercede,

416 4142 528 4187 coram
545 4126 638 4188 omni
656 4127 782 4210 populo
796 4150 804 4208 ;
1006 4131 1130 4196 Christi
1147 4135 1350 4203 collocemur·
1366 4145 1458 4210 aede.

369 4315 559 4372 Manuscrlt.
584 4319 699 4374 anst
721 4320 793 4376 Bibl.
809 4323 885 4392 Nat,
900 4336 993 4394 17309‚
1003 4325 1209 4394 fragmentsde
1224 4329 1331 4401 Missel,
1345 4341 1393 4388 xv⁰
1404 4304 1496 4414 sibele.
1512 4341 1542 4395 S.

368 4453 449 4510 Cette
463 4421 552 4512 Prose
562 4475 579 4512 a
591 4457 636 4513 έῑέ
650 4458 763 4528 publice
777 4478 828 4530 par
843 4461 881 4516 M.
899 4463 1094 4533 PELLECHET,
1107 4465 1257 4520 Notessur
1266 4469 1305 4522 les
1317 4471 1406 4526 liores
1418 4475 1592 4548 Iz'lurgr'ques

333 4531 379 4586 des
391 4535 508 4592 anctus
523 4539 666 4604 (Μαίνῃ,
691 4539 800 4594 Chalon
816 4548 844 4595 et
863 4542 977 4612 Mdcon,
999 4544 1197 4613 Paris-Autun,
1214 4549 1288 4618 1883,
1298 4569 1324 4620 p.
1334 4567 1393 4619 392.
1422 4555 1486 4611 Ehe
1507 4575 1538 4612 se
1559 4561 1590 4616 lit

333 4613 491 4683 &galement
504 4618 577 4674 dans
591 4619 614 4674 F
616 4633 743 4690 AlLLort,
753 4623 939 4677 Monuments
955 4625 1058 4678 inldz'ts
1069 4641 1122 4680 sur
1142 4629 1313 4698 l'Apostolat
1323 4633 1355 4686 dc
1370 4634 1469 4690 Sainte
1481 4639 1590 4693 Maric-

332 4694 489 4752 Madeleine
500 4716 534 4753 en
546 4701 698 4772 Provence,
712 4704 786 4772 1848,
796 4712 903 4774 romu,
914 4721 941 4774 p.
948 4717 1009 4774 395.
1457 4743 1459 4750 ,

370 4849 413 4892 tc
445 4813 549 4897 Christi
562 4843 705 4899 Melden.1
713 4846 770 4914 556.
818 4839 821 4846 ’

367 4932 417 4974 aa
446 4923 539 4978 carnis
561 4924 630 4980 vitio
645 4925 673 4980 S.
717 4925 900 4996 dhospitem
914 4927 1029 4998 Sagr’en.
1060 4935 1074 4984 t
1104 4930 1260 5002 hospitavit
1275 4932 1457 4993 Cenomanen.
1473 4942 1589 5011 Sagien.

369 5011 385 5068 3
400 5003 412 5052 t
444 5005 543 5061 reddat
556 5007 706 5083 Abn'ncen.
735 5007 813 5064 dedit
830 5009 1228 5084 Turonen.1517,Frrrzov,
1240 5015 1448 5077 Pactsonsr.
