4096 5794
470 587 539 658 542
762 587 904 638 PROS'AE
933 585 1136 635 ECCLESIAE
1163 584 1415 638 LEXOVIENSIS

886 851 994 933 Virgo
1009 849 1131 914 dilecta
1149 850 1233 928 Deo,

884 945 948 1008 hoc
965 945 1122 1026 impetres
1139 945 1182 1010 ab
1199 945 1252 1010 Et)

884 1051 929 1118 ut,
945 1061 1103 1105 concessa
1118 1041 1226 1117 venia,

886 1136 1019 1200 Sanctis
1036 1135 1102 1199 tuis
1117 1135 1272 1217 precibus

883 1252 958 1295 cum
977 1232 1084 1296 beatis
1100 1231 1257 1297 omnibus

882 1329 1034 1392 vivamus
1052 1329 1084 1390 in
1101 1327 1217 1411 gloria.

505 1515 698 1570 Manusertt.
722 1513 817 1566 Pnuls
831 1530 836 1566 :
858 1512 930 1566 Bibl.
946 1511 973 1566 S.
987 1511 1156 1582 Genevieve‚
1170 1513 1192 1566 Ρ
1206 1513 1281 1567 BBL
1298 1529 1318 1584 1,
1332 1514 1430 1570 Missel
1446 1517 1633 1588 Genovefain,
1646 1520 1729 1590 piece

470 1594 582 1664 ajoutee
595 1610 630 1648 au
644 1601 690 1648 nue
701 1592 795 1662 siecle,
808 1591 852 1646 M.

507 1737 517 1776 1
533 1727 546 1777 1
579 1720 666 1792 Regis
680 1721 831 1776 reconsiiia
843 1721 993 1774 lexovien.
1013 1720 1039 1772 T
1036 1737 1151 1773 uronen.

504 1817 551 1871 ³0
582 1800 678 1858 iacens
692 1801 719 1855 iu
732 1801 853 1856 ecclesia
866 1800 1049 1856 Cenomanen.
1063 1799 1214 1856 Lexovien.
1233 1801 1372 1858 Turonen.

765 2061 849 2151 389·
880 2056 956 2130 os
986 2056 1025 2131 s,
1047 2055 1418 2134 semisermo,

774 2245 785 2290 1

510 2357 638 2422 Omnes
655 2376 721 2418 una
737 2358 957 2419 decantemus

513 2463 547 2518 et
564 2452 719 2534 martyris
736 2472 952 2534 personemus

556 2549 689 2616 laudem
710 2546 922 2624 Sebastiani;

516 2645 582 2710 Hic
598 2664 618 2706 a
635 2644 710 2706 Deo
727 2652 776 2705 est
793 2641 918 2706 electus

515 2762 573 2826 per
590 2761 687 2823 quem
706 2739 842 2802 morbus
858 2749 908 2802 est
924 2739 1048 2802 eiectus

557 2835 727 2919 languoris
744 2833 899 2917 pestiferi.

773 3015 790 3060 2

513 3163 601 3226 Nam
619 3180 654 3224 se
670 3159 805 3225 Christo
822 3167 930 3222 totum
947 3157 1048 3234 vovit,

555 3257 611 3340 qui
627 3255 700 3320 vult
716 3255 804 3318 hunc
821 3253 990 3332 venerari;

513 3353 665 3420 Christus
682 3371 757 3415 eum
775 3369 863 3412 nunc
880 3349 1048 3432 promovit

556 3449 590 3514 in
608 3449 716 3531 patria
733 3446 875 3509 caelesti.

774 3627 790 3691 3

512 3769 651 3836 Cunctis
666 3767 719 3830 hic
736 3765 890 3829 subvenit
907 3765 1052 3841 moestis,

514 3865 628 3928 statim
646 3872 695 3926 est
712 3863 829 3926 sedata
845 3861 949 3944 pestis

558 3961 608 4023 sui
625 3979 725 4022 causa
742 3959 849 4020 meriti
864 3978 871 4032 ;

518 4057 631 4139 Ipsum
649 4055 675 4116 si
694 4073 782 4116 nunc
798 4054 1023 4135 deprecemur,

518 4171 639 4216 nomen
658 4168 790 4232 quoque
807 4167 1002 4212 veneremur

560 4245 715 4328 martyris
731 4243 940 4321 sanctissimi,

774 4417 796 4478 4

483 4627 484 4631 Ἰ
516 4553 655 4616 Morbus
672 4552 734 4613 iste
751 4568 817 4612 non
836 4546 980 4623 nocebit,

516 4653 573 4714 sed
592 4646 796 4712 mortiferum
814 4643 939 4708 delebit

560 4745 722 4829 populum
740 4762 838 4825 quem
857 4740 965 4803 tenuit
981 4761 989 4818 ;

518 4844 590 4906 Nos
606 4863 666 4924 pro
684 4841 804 4903 nostris
821 4837 924 4900 tantis
941 4835 1037 4898 malis

518 4939 584 5000 iam
602 4936 756 5000 absorbet
773 4933 876 5017 pestis
892 4930 968 4995 talis

563 5033 652 5117 quod
669 5041 741 5095 tota
757 5049 839 5114 gens
856 5027 991 5110 gemuit.

1402 2243 1417 2308 5

1101 2354 1224 2421 Sancte
1241 2367 1368 2439 martyr
1385 2356 1592 2434 Sebastiane,

1101 2449 1202 2515 Salva
1219 2472 1280 2516 nos
1301 2474 1322 2517 a
1339 2463 1446 2518 morte
1462 2455 1649 2536 epidimiae.

1400 2557 1422 2620 6

1142 2660 1268 2723 Nostra
1284 2661 1398 2744 gravia
1416 2663 1460 2725 ob
1476 2672 1614 2746 peccata

1142 2765 1228 2819 terra
1245 2757 1310 2819 ista
1325 2757 1477 2822 desolata

1184 2871 1251 2915 non
1269 2853 1321 2930 sit,
1338 2855 1392 2936 pie
1408 2873 1609 2936 quaesumus
1623 2875 1630 2932 ;

1145 2946 1213 3011 Sed
1230 2967 1291 3012 nos
1306 2949 1482 3012 considera

1142 3053 1176 3106 et
1194 3043 1226 3105 in
1245 3044 1340 3107 nobis
1357 3065 1451 3108 cessa

1184 3147 1324 3220 pestem,
1340 3140 1407 3203 iam
1425 3151 1457 3204 te
1474 3141 1626 3223 petimus.

1402 3256 1421 3323 7

1141 3354 1210 3418 Ista
1228 3374 1287 3436 per
1303 3363 1335 3418 te
1351 3374 1434 3436 gens
1447 3355 1490 3418 sit
1505 3364 1587 3430 tuta,

1142 3459 1175 3512 et
1192 3469 1234 3512 ne
1252 3459 1371 3514 noceat
1387 3459 1485 3514 acuta

1184 3544 1285 3608 febris
1302 3545 1384 3608 haec
1402 3546 1435 3608 in
1453 3545 1588 3628 Anglia,

1143 3643 1198 3706 Ex
1216 3664 1282 3726 quo
1299 3654 1413 3708 nostra
1429 3665 1505 3727 spes
1522 3657 1572 3708 est
1587 3652 1662 3708 tota

1141 3741 1173 3802 in
1191 3750 1233 3817 te,
1251 3749 1385 3822 martyr,
1402 3761 1490 3803 nunc
1508 3750 1635 3804 remota

1186 3836 1228 3899 sit
1245 3837 1348 3919 pestis
1366 3835 1544 3900 mortifera.

1403 3953 1422 4014 8

1144 4055 1175 4119 Ο
1194 4055 1317 4119 Sancte
1335 4053 1543 4132 Sebastiane,

1145 4161 1278 4213 nostrae
1294 4151 1404 4233 gentis
1422 4150 1632 4232 Anglicanae

1187 4256 1401 4309 conservator
1417 4255 1450 4310 et
1465 4256 1557 4310 tutor
1572 4247 1626 4324 sis,

1145 4342 1190 4405 Et
1206 4341 1393 4404 Dominum
1410 4343 1598 4424 deprecaris

1144 4446 1181 4501 ut
1197 4457 1216 4500 a
1233 4437 1329 4501 nobis
1345 4439 1491 4502 revocari

1190 4531 1300 4596 valeat
1316 4553 1438 4596 vesana
1455 4535 1558 4616 pestis

1149 4740 1204 4803 Ex
1221 4749 1279 4803 tua
1295 4655 1533 4823 sancta9prece

1147 4855 1189 4897 ne
1205 4837 1247 4898 sit
1265 4836 1400 4898 morbus
1417 4837 1514 4900 nobis
1530 4857 1620 4914 nece,

1146 4931 1214 4995 Sed
1231 4932 1364 4995 recedat
1380 4932 1423 4995 ab
1439 4932 1501 4995 hac
1518 4934 1620 4996 domo
1636 4953 1645 4997 z

1145 5027 1257 5092 Amen
1275 5028 1365 5092 dicat
1381 5029 1490 5092 omnis
1506 5030 1618 5095 homo.
