4094 5796
468 495 528 564 40Ι
750 491 894 546 PROSAE
921 493 1126 546 ECCLESIAE
1157 495 1449 549 ANDEGAVENSIS

791 694 848 764 23.
882 669 957 745 DE
990 671 1179 748 BEATA
1210 674 1406 750 MARIA.

778 837 790 884 1
1404 845 1427 908 4
1458 841 1464 852 ·

696 941 868 1007 Generosa
1208 947 1357 1014 Trinitas
1374 951 1407 1014 in
1426 949 1512 1015 Filio

700 1039 869 1103 caelorum
1209 1055 1259 1108 est
1276 1045 1456 1112 coniuncta
1473 1047 1543 1112 lilio

666 1135 798 1218 Regina
815 1153 899 1209 rosa,
1273 1142 1358 1206 valle
1373 1153 1495 1210 nostra.

697 1232 808 1294 Mater
821 1231 889 1314 pia,
1210 1239 1305 1302 Haec
1322 1237 1449 1322 populo
1465 1239 1565 1304 devio

702 1327 858 1391 Gratiosa
1210 1355 1304 1400 sacro
1320 1355 1365 1398 ex
1380 1335 1515 1420 eloquio

720 1441 851 1484 reorum
1274 1430 1397 1497 Christi
1415 1441 1573 1499 monstra.

663 1517 780 1580 salutis
796 1536 907 1592 causa,
1409 1561 1424 1628 5

696 1622 743 1688 tu,
760 1613 877 1676 Maria.
1278 1667 1283 1680 .
1391 1669 1397 1681 .
1429 1667 1434 1680 .

1209 1668 1320 1732 Isaras
1335 1678 1455 1748 cecinit,

485 1841 487 1849 y
775 1757 792 1802 ²
1210 1763 1401 1830 Christiana
1417 1765 1568 1829 meminit

575 1860 726 1942 Angelus
742 1879 818 1922 curn
835 1860 996 1942 gaudium
1148 1869 1150 1874 ’
1203 1881 1285 1944 gens
1302 1862 1469 1924 credendo
1484 1862 1605 1926 desinit

576 1957 637 2020 tibi
652 1957 729 2020 tulit
746 1957 895 2020 omniurn
1294 1979 1359 2021 esse
1373 1979 1471 2022 caeca.

641 2073 723 2116 voce
740 2073 832 2135 pura,
1210 2054 1328 2118 Rubus
1344 2055 1464 2118 ardens
1481 2055 1590 2130 viruit,

491 2199 492 2207 ,
577 2147 677 2232 Quod
695 2161 740 2226 tu,
756 2168 899 2212 vernans
916 2147 1031 2226 lilium,
1208 2151 1316 2234 Virgo
1334 2151 1445 2214 Deum
1462 2151 1588 2232 genuit,

577 2264 650 2307 eras
668 2244 732 2307 Dei
751 2244 873 2308 Filium
1207 2247 1378 2330 virginalis
1395 2247 1505 2310 renuit

686 2341 844 2421 paritura,
1297 2341 1405 2424 frangi
1422 2342 1527 2405 theca.

775 2478 792 2539 3
1405 2459 1425 2522 6

577 2580 702 2662 Angeli
719 2578 859 2644 consilia
1253 2579 1284 2644 O
1291 2577 1536 2662 felixpropera‚

576 2676 747 2740 credidisti
764 2675 879 2739 brevia
1252 2695 1346 2738 rosae
1362 2685 1395 2738 te
1411 2675 1524 2739 federa

642 2781 712 2835 tarn
730 2771 916 2850 laudanda;
1139 2793 1180 2836 ne
1196 2771 1295 2854 culpa
1311 2773 1489 2849 damneris,
1499 2793 1582 2854 gens
1597 2772 1712 2848 libera,

578 2867 634 2932 Ex
650 2867 714 2931 hoc
732 2868 796 2932 Dei
814 2868 948 2951 propria
1253 2869 1385 2931 Florem
1402 2868 1577 2946 considera,

577 2966 688 3030 Mater
704 2985 739 3028 es
757 2973 790 3028 et
807 2963 895 3028 filia:
1249 2987 1343 3047 quem
1358 2964 1446 3028 docet
1459 2963 1571 3028 littera

641 3082 691 3124 res
706 3059 870 3124 miranda.
1142 3062 1254 3124 Iesum
1265 3061 1384 3142 genuit
1390 3071 1560 3142 puerpera.

484 3224 548 3282 Ι4ο
578 3225 612 3264 ex
632 3224 756 3276 nranque
781 3207 853 3262 dans
875 3208 1059 3279 Andegaven.
1092 3210 1173 3264 Nous
1194 3209 1220 3263 le
1240 3207 1423 3263 rerablissons
1447 3205 1557 3278 d'apres
1572 3205 1723 3262 Carnoten.

470 3290 545 3358 1482,
559 3299 587 3345 et
602 3289 729 3343 Briocen.
746 3287 822 3357 1556.

501 3374 546 3435 41
577 3369 691 3424 Christe
706 3367 856 3423 Camwten.

833 3539 890 3608 24.
923 3515 997 3590 DE
1028 3515 1353 3591 APOSTOLIS.

491 3715 514 3762 1.
539 3698 570 3763 Ο
587 3697 677 3760 alma
693 3696 849 3774 Trinitas,
866 3696 985 3760 Deitas
1002 3706 1036 3760 et
1053 3695 1235 3772 individua,

486 3799 515 3886 ¹2.
540 3819 635 3903 Quae
652 3821 784 3884 habitas
800 3818 953 3883 caelestis
971 3820 1063 3901 regni
1080 3819 1222 3900 palatia;

488 3935 515 3997 3.
540 3917 651 4000 Quam
668 3916 784 3979 laudat
801 3915 850 3979 sol
867 3925 968 3998 atque
985 3925 1106 3978 cuncta
1123 3915 1221 3978 simul
1239 3913 1360 3978 infima.

483 4059 513 4120 4.
538 4040 656 4114 Iubila,
672 4047 806 4101 caterva
823 4037 923 4100 maris
940 4057 978 4099 ac
996 4035 1096 4100 tellus
1113 4029 1250 4100 factura.

487 4151 513 4218 5.
537 4135 632 4198 Voce
648 4154 837 4198 consonora
853 4133 963 4216 angeli
982 4133 1086 4196 boant
1103 4133 1243 4198 cantica.

483 4262 511 4322 6.
536 4259 582 4322 Et
598 4257 686 4320 clara
702 4265 904 4320 contuentur
920 4256 989 4318 alta
1005 4265 1039 4318 et
1057 4257 1139 4317 mira
1157 4256 1256 4318 nimis
1272 4257 1392 4332 sidera,

482 4357 532 4417 6a.
544 4354 646 4418 Unde
663 4352 844 4435 splendent
859 4361 912 4415 sat
929 4352 961 4413 in
979 4351 1115 4414 aethera
1131 4361 1248 4415 sancta
1264 4352 1490 4416 tabernacula.

481 4467 509 4530 7.
535 4449 612 4513 Non
630 4457 742 4532 potest
760 4468 854 4511 rnens
870 4447 1020 4510 humana
1037 4447 1140 4529 patris
1157 4469 1291 4512 cernere
1308 4448 1376 4530 poli
1393 4469 1571 4532 suprema:

481 4564 530 4627 7a.
542 4546 636 4611 Sicut
654 4554 767 4608 manet
783 4545 874 4608 solus
890 4553 1092 4627 praepotens
1109 4565 1184 4606 curn
1202 4565 1334 4608 summa
1351 4547 1512 4628 potentia.

481 4671 508 4732 8.
534 4669 695 4732 Maiestas
711 4668 781 4730 eius
805 4667 894 4731 clara
917 4677 967 4731 est
996 4667 1093 4731 valde
1121 4667 1230 4744 iaeta;
1259 4670 1390 4733 assidue
1416 4669 1556 4734 reboant
1582 4672 1717 4753 agmina

590 4765 747 4828 caelestia
763 4785 769 4841 ;
786 4765 936 4827 dicentes
953 4763 1098 4827 affantur
1115 4764 1197 4826 haec
1213 4767 1313 4829 verba
1331 4766 1517 4847 rythmica:

481 4880 511 4940 9.
536 4862 680 4926 Sanctus
697 4870 746 4923 ter
763 4862 955 4924 nominatur
979 4881 1055 4923 cum
1084 4859 1182 4922 laude
1208 4882 1273 4925 una
1294 4887 1299 4925 :
1318 4863 1443 4944 Magne
1462 4863 1554 4924 Deus
1566 4863 1716 4928 Tibimet

590 4958 705 5043 gloria,
722 4957 905 5045 gratiarum
923 4957 1011 5024 actio
1029 4965 1163 5022 maneat
1180 4958 1302 5022 devota
1319 4979 1378 5047 per
1393 4957 1510 5026 saecla.
