4116 5784
595 548 759 622 ¹PROSAE
786 549 990 610 ECCLESIAE
1017 563 1254 621 MORINENSIS

350 725 400 774 2b
431 719 572 780 Dominus
583 737 677 784 tecum
691 731 833 790 Mon'nen.
932 727 937 734 ’

349 805 399 866 7b
428 801 480 858 viri
495 805 637 863 Mon'usn.

583 1023 666 1095 233.
698 1003 773 1078 on
803 1007 1028 1088 sancto
1059 1016 1297 1096 ssnsuro.

619 1215 630 1259 l

395 1301 477 1366 Vox
494 1307 699 1388 respondens
716 1315 863 1378 moribus

394 1417 554 1494 magnum
573 1407 705 1488 maguis
717 1407 872 1475 laudibus

394 1494 527 1564 attollat
545 1496 716 1580 Basilinm,

612 1637 629 1682 2

392 1726 459 1810 Qui
475 1729 628 1796 doctrina
644 1735 793 1818 celebriS,

394 1833 430 1886 ut
448 1814 560 1890 lumen
577 1829 621 1892 de
636 1833 791 1913 tenebris,

393 1925 527 1986 emersit
542 1927 717 2006 gentilium
733 1953 740 2008 ;

390 2015 502 2080 lucens
518 2029 552 2081 et
569 2020 771 2106 illuminans

390 2113 526 2177 verbum
544 2117 632 2182 vitae
647 2124 816 2188 seminans

389 2208 477 2273 delet
494 2212 619 2294 dogma
635 2217 780 2283 devium¹

387 2421 418 2484 N
421 2443 463 2486 on
482 2344 771 2513 renatis3gratiae;

386 2519 499 2583 studet
514 2524 746 2605 abstinentiae,

384 2632 527 2695 sequens
543 2620 775 2688 castimoniam
791 2647 798 2704 ;

385 2707 440 2770 Nil
458 2719 624 2777 terrenum
641 2716 751 2800 diligit

382 2822 483 2884 puros
498 2827 615 2871 sensus
630 2811 744 2894 dirigit

384 2898 416 2961 in
429 2920 563 2966 omnem
582 2905 750 2974 iustitiam.

386 3113 425 3176 In
442 3113 569 3184 fervore
585 3035 720 3202 sbiritus

383 3209 507 3273 docens
523 3214 642 3278 doctus
657 3219 795 3284 caelitus

384 3304 529 3371 Doctum
546 3311 648 3375 trahit
666 3313 834 3381 Eubolum

381 3393 423 3455 ad
439 3395 556 3459 salutis
572 3400 772 3480 symbolum.

381 3609 447 3693 Qui
464 3613 544 3676 dum
562 3616 624 3680 sibi
640 3619 763 3703 desipit

381 3715 413 3769 et
429 3707 462 3770 in
481 3709 591 3774 Deum
608 3715 732 3798 resipit,

382 3801 490 3866 Datur
505 3814 601 3870 tanto
618 3809 740 3875 rhetori

383 3897 516 3964 Christo
531 3921 631 3984 posse
646 3911 818 3975 commori.

598 4019 620 4079 6

469 4117 501 4182 Ο
517 4139 618 4200 quam
635 4123 775 4206 dignum

468 4212 549 4276 lucis
565 4216 698 4298 signum

466 4308 724 4392 demonstratur,

466 4403 547 4466 dum
565 4405 696 4472 lavatur

380 4498 412 4561 in
430 4519 517 4581 aqua
534 4501 698 4570 Basilius:
789 4525 790 4530 ’

465 4595 603 4678 Aquam
621 4613 742 4681 movet,

463 4701 617 4758 sanctum
635 4695 725 4763 fovet

331 4897 342 4936 1
359 4887 380 4938 b
409 4901 530 4956 magnus
543 4889 675 4948 laudibus
694 4895 839 4954 Mon'nen.

330 4961 382 5017 81>
411 4976 541 5021 sanctam
553 4969 698 5030 Mordnen.

314 5056 348 5100 ιο
360 5048 382 5104 d
412 5053 440 5102 et
453 5045 554 5107 beatus
566 5051 711 5113 Mon‘nen.

1113 1213 1232 1295 plausu
1249 1217 1385 1300 bland0,

1117 1313 1308 1396 revolando,

1027 1405 1183 1472 columba
1199 1411 1382 1480 sublimius.

1112 1598 1232 1684 Gregis
1244 1523 1356 1670 {ector

1110 1706 1144 1760 et
1160 1709 1337 1781 protector,

1111 1794 1165 1858 hic
1182 1797 1329 1879 profanis

1112 1893 1248 1960 Arianis

1023 1979 1179 2044 resistens
1197 1983 1385 2068 instantius,

1110 2079 1199 2142 Iram
1217 2085 1304 2164 regis

1108 2195 1173 2238 non
1192 2191 1332 2258 veretur,

1107 2273 1171 2336 Dei
1188 2274 1271 2358 legis

1106 2372 1186 2434 dum
1205 2382 1315 2438 tuetur

1017 2465 1150 2531 decreta
1166 2473 1383 2538 constantius.

973 2656 1050 2721 Suis
1067 2660 1176 2723 verbis
1192 2681 1385 2729 consecrare

973 2755 1134 2820 Sanctum
1147 2757 1271 2838 volens,
1287 2763 1378 2826 videt
1394 2765 1491 2844 clare,

972 2850 1043 2914 Sibi
1061 2853 1184 2918 Christi
1201 2862 1423 2937 praesentiam

970 2949 1054 3010 dans
1071 2953 1238 3016 reserandi
1255 2957 1407 3035 gratiam.

1233 3069 1254 3129 9

972 3141 1062 3204 Dum
1080 3145 1247 3210 ministrat
1263 3169 1339 3213 cum
1356 3159 1509 3233 tremore,

970 3237 1084 3302 dulces
1105 3242 1223 3304 modos
1239 3244 1272 3306 in
1293 3246 1471 3327 splendore

971 3335 1185 3400 Modulantes
1202 3343 1345 3421 apostoli

967 3433 1158 3499 demulcent
1175 3457 1270 3500 aures
1289 3439 1419 3506 Euboli.

1215 3551 1254 3598 10

967 3625 1070 3690 Omni
1088 3627 1205 3709 plenus
1222 3633 1409 3712 sanctitate,

968 3722 1091 3806 dignus
1108 3725 1173 3788 Dei
1189 3726 1349 3808 claritate,

1098 3839 1360 3908 consummatur,

1099 3937 1133 3991 et
1149 3929 1266 3992 beatur

1011 4043 1086 4085 cum
1104 4027 1228 4088 sanctis
1244 4027 1276 4090 in
1294 4029 1407 4111 gloria.

971 4120 1041 4183 Nos
1058 4121 1231 4186 adstantes
1247 4134 1324 4189 tuae
1340 4127 1440 4205 laudi,

970 4237 1092 4301 magne
1108 4229 1210 4300 pater,
1227 4222 1301 4302 pius
1318 4225 1405 4300 audi,

1098 4325 1143 4394 ut,
1159 4326 1193 4380 te
1208 4319 1302 4398 duce,

1098 4435 1175 4478 vera
1192 4416 1284 4479 Luce

1012 4510 1159 4576 fruamur
1175 4513 1208 4575 in
1225 4516 1343 4595 patria.

1222 4628 1255 4674 11

1009 4703 1121 4767 Amen
1138 4706 1252 4770 dicant
1267 4709 1391 4774 omnia.
