4096 5794
631 488 772 537 PROSAE
801 489 1004 541 ECCLESIAE
1031 492 1278 544 EBROICENSIS
1511 501 1580 572 515

367 669 416 728 7b
446 665 581 733 ternplum
597 664 661 717 RN.
691 669 802 731 efgh.
836 668 881 722 Au
901 668 956 722 lieu
978 669 1014 724 de
1034 686 1081 725 ces
1101 687 1164 724 vers
1187 689 1223 724 on
1244 672 1274 726 lit
1296 674 1368 728 dans
1390 676 1415 728 le
1437 677 1536 732 Missel
1549 678 1585 731 de

331 743 510 798 Coutances:

736 815 885 870 Pascosius
903 826 931 872 et
952 819 1080 872 Marinus

736 912 804 966 rupe
823 913 908 952 ruens
928 899 1074 968 resupinus

768 977 895 1023 mortuus
914 970 1101 1040 praecipitat:

769 1065 840 1118 quos
860 1051 1000 1105 Taurinus
1019 1053 1142 1108 suscitat.

614 1231 694 1302 370.
729 1209 803 1282 os
834 1209 1057 1285 snucro
1088 1213 1301 1289 smnio.

637 1387 648 1431 1
1262 1380 1282 1440 6

331 1495 457 1578 Magna
469 1497 716 1578 dies,magnum
730 1496 941 1560 sollemnium
982 1493 1058 1557 Hoc
1075 1490 1190 1570 utique
1207 1487 1313 1552 iacere
1329 1498 1460 1571 poterat

330 1611 395 1674 quo
411 1591 554 1654 iactatur
569 1592 666 1654 turba
684 1590 830 1654 fidelium
982 1591 1066 1652 sicut
1082 1587 1111 1648 ei
1128 1584 1266 1647 caelitus
1283 1587 1458 1668 scripserat

502 1686 706 1765 celebretur;
1156 1681 1233 1743 Rex
1250 1681 1415 1744 caelorum
1430 1704 1437 1759 ;

332 1783 407 1845 Miri
424 1784 484 1846 viri
502 1785 584 1845 mira
601 1781 762 1846 festivitas
983 1776 1122 1859 Scripsit
1139 1776 1167 1838 ei
1185 1776 1275 1856 quod
1291 1777 1362 1839 eius
1378 1776 1530 1858 precibus

332 1878 425 1941 cuius
443 1888 589 1941 mentem
606 1878 756 1960 possedit
772 1878 893 1943 veritas
983 1898 1017 1938 se
1034 1884 1208 1957 precantes
1226 1876 1403 1938 mundaret
1418 1875 1571 1939 sordibus

505 1973 694 2036 honoretur.
1156 1979 1379 2049 peccatorum.

636 2106 653 2150 ²
1266 2123 1284 2185 7

333 2196 490 2261 Gandens
507 2199 584 2262 inde
600 2198 820 2309 caelimffitfa
849 2294 856 2308 ,
984 2229 1056 2291 Nos
1071 2227 1128 2309 qui
1145 2227 1258 2308 scripti
1275 2237 1423 2290 tenorem
1441 2227 1592 2310 legimus,

334 2294 442 2374 primo
458 2293 572 2358 laudet
589 2305 691 2358 nostri
709 2294 878 2376 magnalia
984 2343 1051 2387 non
1068 2320 1110 2384 ad
1135 2330 1268 2402 tempus
1291 2322 1355 2385 hoc
1378 2323 1495 2388 datum
1523 2344 1591 2387 ese,

506 2390 691 2455 Salvatoris
706 2412 713 2468 ;
1481 2413 1592 2476 dimus

336 2484 486 2566 Sequens
502 2485 604 2549 homo
620 2486 738 2568 plenus
756 2484 883 2550 laetitia
1158 2497 1215 2559 sed
1234 2496 1267 2560 in
1284 2516 1404 2561 aevum
1419 2519 1427 2577 ;

335 2591 509 2646 veneretur
525 2583 610 2646 tanti
626 2583 773 2665 tripudia
988 2593 1088 2675 Ergo,
1104 2591 1158 2674 pie
1173 2589 1351 2671 consessor,
1367 2587 1511 2675 petimus

508 2676 715 2741 confessoris.
987 2699 1023 2751 ut
1039 2708 1059 2750 a
1075 2685 1170 2750 nobis
1187 2685 1325 2768 repellas
1342 2688 1479 2771 longius¹
1499 2743 1501 2748 .

640 2805 656 2868 3
1158 2779 1289 2845 hostem
1306 2801 1451 2846 saevum.

335 2899 429 2964 Sciat
445 2919 519 2964 reus
535 2912 569 2965 et
588 2901 702 2964 credat
718 2900 856 2964 firmiter
1268 2906 1287 2966 8

334 2997 425 3079 quod
453 2997 510 3080 qui
541 3007 693 3060 sanctum
723 3006 819 3079 rogat
850 2996 937 3109 hunc
1028 3023 1430 3107 Vifggjdpterespexit

799 3095 939 3159 d⁰¹⁰¹ies
1028 3127 1064 3182 ut
1080 3120 1253 3197 sentimus
1268 3131 1301 3185 et
1317 3120 1439 3184 dilexit

1075 3222 1242 3286 Dominus
1258 3244 1278 3286 a
1293 3243 1398 3307 puero
1412 3245 1420 3302 ;

1032 3319 1124 3382 Deus
1141 3329 1212 3383 erat
1227 3339 1303 3383 cum
1320 3320 1452 3398 dedisti,

1001 3494 1004 3500 Ι
1031 3413 1154 3477 timens
1170 3413 1278 3479 adhuc
1296 3417 1361 3479 vim
1380 3415 1539 3498 magistri,

1074 3510 1310 3575 vestimentum
1328 3515 1456 3576 misero.

508 3210 574 3253 non
593 3189 721 3271 peribit,

337 3283 402 3348 Sed
423 3285 557 3348 adiutus
579 3287 649 3348 eius
668 3285 827 3366 suffragio

335 3400 402 3462 quo
421 3379 528 3443 beatis
548 3389 684 3462 paratur
701 3380 831 3442 mansio

512 3475 619 3540 iaetus
636 3475 706 3538 ibit.

338 3689 413 3751 Hoc
430 3687 589 3770 probatur
605 3597 663 3770 pe4r
680 3687 787 3751 scelus
801 3689 927 3770 regium
1270 3651 1291 3712 9

335 3785 425 3866 quod
443 3791 616 3865 potentem
634 3781 755 3865 probat
773 3783 932 3865 Egidium
1034 3753 1232 3862 Pf⁰⁶¹¹fat9f
1247 3775 1438 3837 θὲθΰθῐΰῐῃ,

509 3900 581 3942 esse
597 3879 678 3943 satis
699 3905 705 3942 :
1032 3872 1124 3915 serve
1142 3850 1215 3926 Der,
1231 3869 1331 3958 causa
1348 3871 1489 3960 qnorum

339 3977 414 4040 Rex
432 3977 559 4057 peccati
578 3975 701 4057 ligatus
718 3975 851 4039 vinculo
1079 3946 1195 4010 Vffldffi
1212 3955 1461 4027 patf¹¹1¹01¹¹um‚

337 4071 495 4134 liberatur
515 4088 658 4151 magnae
678 4069 839 4132 miraculo
1036 4043 1155 4106 H⁰¹¹0f
1171 4061 1243 4104 ‘³¹²³
1260 4040 1437 4151 largititss·

511 4167 695 4250 dignitatis,
1034 4139 1097 4202 sub
1114 4145 1292 4219 praecepto
1308 4147 1455 4200 caritatis

646 4293 660 4357 5
1078 4243 1219 4307 sequens
1236 4223 1466 4307 Evangelium.

341 4387 469 4471 culpae
485 4388 594 4450 nodus
610 4385 838 4454 eratjdifficilis
1269 4371 1308 4417 ¹⁰
1531 4439 1534 4446 .

340 4503 439 4567 quem
451 4492 528 4566 post
542 4482 676 4545 missam
689 4483 843 4545 sacerdos
855 4482 949 4545 nobi·
1037 4473 1120 4536 Viru
1139 4473 1254 4550 laesos
1270 4473 1360 4537 sebre
1377 4493 1509 4556 pressos

909 4578 947 4639 lis
1035 4571 1117 4633 dum
1134 4589 1265 4634 curares
1282 4580 1315 4633 et
1331 4569 1484 4634 obsessos

514 4667 560 4729 ita
577 4662 697 4728 solvit:
1079 4685 1099 4727 a
1115 4665 1281 4728 daemone
1297 4667 1452 4747 pessimo,

343 4762 470 4845 Regem
489 4771 597 4834 vocat,
613 4758 741 4822 facinus
757 4762 891 4837 indicat,
1039 4761 1252 4825 Ostendebas
1269 4770 1302 4823 te
1319 4762 1501 4844 benignum

342 4857 558 4921 confitentem
578 4854 733 4934 iacrymis
748 4856 896 4936 applicat
1040 4855 1138 4919 laude
1155 4855 1261 4918 multa
1278 4855 1347 4919 fore
1362 4857 1504 4938 dignum

519 4962 552 5013 et
569 4947 721 5013 absolvit.
1085 4950 1260 5014 ethonore
1278 4951 1437 5016 maximo.
