4094 5796
470 531 516 600 92
784 530 925 582 suosne
952 529 1156 582 scccusrss
1183 526 1409 580 uuoomusrs

766 711 771 716 ·
798 716 857 804 63.
889 709 964 783 os
994 705 1405 783 §.DOM1T1ANQ

779 867 792 914 1
1404 846 1425 910 6

518 968 755 1035 Consessorum
773 971 858 1054 Regi
876 969 1011 1035 Christo
1149 968 1358 1032 Emendatos
1375 964 1597 1042 Christianos,

518 1086 601 1148 grex
618 1067 779 1129 iustorum
797 1067 852 1129 die
868 1067 932 1130 isto
1148 1062 1373 1140 confirmatos,
1389 1060 1454 1126 fide
1469 1079 1571 1124 sanos

604 1160 741 1225 laudum
758 1162 816 1224 det
832 1161 1011 1244 praeconia
1027 1183 1034 1238 ;
1234 1160 1332 1224 durat
1349 1178 1393 1222 ex
1410 1155 1550 1240 perfidia
1565 1177 1572 1235 ;

519 1257 730 1321 Domitorem
748 1259 914 1334 vitiorum,
1151 1259 1282 1322 Horum
1301 1256 1464 1320 mundum
1480 1251 1657 1337 disciplina

518 1353 639 1416 domus
654 1353 760 1417 civem
778 1373 997 1436 supernorum
1149 1357 1273 1421 docens
1289 1353 1395 1438 replet
1411 1360 1445 1416 et
1460 1352 1574 1416 divina

605 1448 751 1514 celebret
766 1449 925 1514 Ecclesia
949 1515 952 1518 ,
1235 1451 1370 1534 spiritus
1386 1445 1572 1514 clementia.

780 1603 799 1650 2
1410 1585 1429 1651 7

1151 1683 1310 1766 Anguem
1327 1681 1422 1764 sugat
1437 1687 1649 1756 venenatum,

1152 1777 1271 1841 vulnus
1286 1786 1384 1840 sanat
1399 1775 1609 1838 vulneratum

1239 1871 1414 1936 daemonis
1430 1871 1563 1947 astutia,

1154 1971 1296 2034 Fontem
1313 1967 1392 2058 facit
1409 1965 1597 2043 salutarem,

1154 2063 1287 2130 laudern
1306 2062 1391 2146 sugit
1407 2061 1620 2139 saecularem,

1242 2159 1377 2224 humilis
1393 2158 1591 2223 constantia.

1416 2282 1435 2344 8

786 2355 803 2419 3
1155 2393 1278 2458 Servus
1294 2392 1441 2474 prudens
1457 2400 1490 2456 et
1507 2389 1615 2455 fidelis

523 2477 581 2540 Ad
598 2476 759 2552 honorem
777 2474 985 2560 praesulatus
1154 2487 1347 2552 consolatus
1363 2497 1413 2552 est
1431 2489 1474 2552 de
1488 2487 1590 2552 caelis

524 2580 575 2636 est
590 2572 747 2636 Traiecto
763 2572 962 2655 postulatus,
1244 2585 1308 2648 Dei
1324 2584 1557 2666 ps0v1dent535

612 2669 746 2734 functus
762 2669 950 2732 sacerdOth
966 2690 973 2747 i
1158 2681 1249 2744 Pane
1265 2681 1342 2742 vivo
1358 2679 1573 2756 confortatus,

527 2763 665 2827 Terram
683 2763 802 2828 lustrat
818 2765 868 2828 Vir
884 2764 1033 2848 insignis,
1157 2797 1256 2841 carne
1272 2777 1355 2840 liber
1370 2787 1421 2841 est
1436 2775 1618 2840 translatus

526 2869 662 2942 gentem
679 2860 796 2938 salvat,
812 2860 967 2944 splendet
984 2859 1097 2944 signis,
1243 2875 1286 2938 ad
1303 2881 1495 2937 sanctorum
1512 2873 1645 2956 gaudia.

539 3003 544 3016 .
614 2976 720 3021 novae
737 2957 820 3020 lucis
836 2957 938 3022 radio,
1419 3013 1441 3076 9

787 3111 810 3173 4
1159 3101 1290 3184 Corpus
1306 3099 1408 3182 digne
1424 3099 1617 3180 tumulatur,

1160 3195 1249 3260 salus
1265 3195 1373 3277 aegris
1390 3205 1563 3277 reparatur

1240 3299 1340 3372 'peste
1357 3290 1479 3372 pressis
1495 3291 1595 3356 varia.

1162 3387 1227 3450 Hic
1245 3385 1276 3447 in
1295 3387 1424 3448 cunctis
1440 3385 1594 3464 clemens,
1611 3387 1719 3452 bonus

1159 3493 1273 3565 pastor
1288 3481 1398 3562 gregis
1415 3490 1448 3544 et
1464 3491 1626 3564 patronus

1246 3577 1364 3640 colitur
1380 3597 1456 3641 cum
1473 3577 1587 3659 gloria.

521 1723 588 1806 Qui
605 1723 779 1789 Gallorum
797 1725 917 1789 doctor
932 1743 1033 1788 sanus

521 1822 630 1885 dictus
647 1831 697 1886 est
714 1821 929 1884 Domitianus

609 1917 724 1980 mundi
742 1917 884 1980 domans
901 1917 990 1994 vitia,

522 2011 621 2077 Clara
637 2013 739 2096 stirpe
756 2021 959 2095 procreatus,

522 2108 601 2186 vita,
617 2107 682 2171 lide
697 2109 884 2198 decoratus,

610 2204 734 2270 Christi
752 2205 843 2270 fulsit
858 2206 967 2288 gratia
981 2226 988 2284 ;

528 3228 677 3293 Turbam
695 3230 802 3312 pascit
818 3249 1009 3313 egenorum,

529 3325 603 3406 pius
619 3335 714 3408 pater
729 3325 966 3408 orphanorum,

615 3421 776 3510 probatus
793 3441 852 3503 per
864 3421 978 3485 omnia
994 3444 1001 3500 ;

530 3514 605 3578 Deo
644 3537 758 3598 preces
774 3515 871 3580 offert
888 3518 990 3599 iuges,

530 3608 639 3674 fundit
657 3611 788 3689 imbreS,
803 3611 932 3676 confert
948 3611 1068 3695 fruges,

615 3708 704 3770 vitae
719 3708 893 3773 victualia..
1411 3708 1449 3754 10

1162 3795 1284 3861 Sancte
1301 3795 1432 3877 praesul
1449 3805 1482 3859 et
1498 3795 1676 3877 consessor,

794 3858 809 3926 5
1161 3893 1276 3956 haeres
1294 3892 1417 3957 Christi
1435 3903 1468 3957 et
1484 3914 1667 3973 consessor,

533 3986 588 4049 Ex
605 3987 725 4052 virtute
742 3988 885 4051 Deitatis
1162 3989 1206 4050 sis
1223 4009 1283 4071 pro
1300 3988 1395 4051 nobis
1413 3989 1609 4052 intercessor

532 4083 641 4146 reddit
657 4092 750 4148 tutae
765 4085 918 4149 sanitatis
1248 4086 1291 4148 ad
1308 4104 1403 4148 aures
1419 4084 1616 4161 clementiae
1632 4109 1639 4165 ;

620 4179 788 4262 languidis
804 4181 951 4244 remedia
965 4202 972 4258 ;
1164 4176 1273 4245 Plebis
1290 4182 1391 4246 decus
1408 4180 1628 4261 Christianae,

533 4274 684 4338 Visitans
701 4276 921 4340 Aurelianum
1164 4285 1278 4340 nostra
1294 4296 1379 4358 spes,
1396 4275 1601 4356 Domitiane,

534 4391 770 4454 perversorem,
787 4373 911 4453 dogma
928 4391 1051 4435 vanum
1166 4373 1218 4438 lac
1235 4394 1296 4438 nos
1312 4375 1400 4437 vitae
1416 4374 1507 4455 pasci
1523 4393 1611 4456 pane

620 4467 749 4550 depulit
765 4488 785 4530 a
801 4468 916 4550 patria.
1253 4489 1328 4532 cum
1345 4468 1473 4534 colonis
1489 4468 1624 4551 gloriae.

528 4589 566 4644 Le
581 4589 611 4644 P.
627 4589 682 4642 CH.
699 4590 824 4641 CAfflER
839 4587 910 4641 dans
925 4603 977 4641 son
991 4603 1114 4656 ouvrage
1127 4605 1175 4642 sur
1188 4589 1229 4642 les
1245 4588 1494 4658 Caracrlnttiques
1506 4589 1553 4642 des
1567 4589 1668 4644 Sar'nts
1679 4591 1753 4645 dans

491 4668 743 4739 I'Artpopulaire,
762 4685 787 4738 p.
803 4669 864 4735 318,
877 4684 912 4722 en
930 4677 1006 4736 note,
1028 4667 1083 4721 cite
1105 4669 1241 4738 quelques
1264 4685 1327 4722 vers
1347 4669 1383 4724 de
1405 4678 1479 4723 cette
1494 4668 1589 4738 Prose,
1603 4669 1712 4740 d’aprds
1725 4672 1751 4727 le

493 4749 592 4802 Missel
601 4748 637 4803 de
652 4746 882 4816 liege,imprinre
896 4764 931 4802 en
944 4761 1022 4816 1499.
1043 4748 1083 4803 Ce
1092 4759 1156 4803 sont
1168 4758 1201 4802 st.
1209 4763 1224 4816 3
1240 4767 1260 4803 a
1274 4753 1295 4802 b
1308 4761 1341 4813 c;
1360 4758 1418 4818 st.5
1440 4753 1492 4804 de
1507 4755 1535 4813 t;
1555 4763 1570 4816 7
1589 4765 1609 4802 a
1623 4755 1653 4804 b.

529 4859 578 4923 5d
610 4853 714 4907 Visitat
730 4853 866 4908 CAHJER.
898 4871 915 4908 e
946 4870 1144 4924 perversorum
1160 4855 1297 4910 crnrsr.

514 4949 545 4988 ιο
559 4941 580 4988 b
611 4933 757 4987 consessor
770 4933 898 4990 Leodien.
914 4934 990 4993 laute
1004 4933 1201 5010 d’impression
1215 4937 1334 4991 amende
1344 4953 1395 5008 par
1403 4937 1429 4992 le
1439 4936 1553 4996 dernier
1565 4947 1625 4996 mot
1638 4938 1676 4996 du
1689 4955 1752 5002 vers

481 5019 656 5092 precedent.
