4102 5792
647 505 789 558 PROSAE
815 503 1019 556 ECCLESIAE
1047 502 1287 556 REDONENSIS
1529 499 1601 575 457

646 701 665 764 7
959 709 961 714 ¹
1277 684 1297 746 8

387 823 533 886 Domum
552 824 645 905 virgo
660 823 843 887 decollatur
1062 824 1118 887 Ex
1135 824 1205 886 eius
1222 822 1392 886 mausoleo

387 927 421 982 ct
437 918 561 982 lictoris
578 920 734 983 irroratur
1060 917 1217 982 effluente
1232 918 1306 982 oleo

388 1012 519 1094 gladius
537 1014 631 1092 lactc,
646 1017 806 1098 sanguine
821 1038 830 1095 ;
1062 1034 1138 1078 cum
1156 1013 1292 1078 minutis
1308 1015 1438 1078 ossibus

389 1109 491 1174 Cuius
507 1131 625 1192 corpus
641 1112 853 1193 deportatum
1062 1110 1175 1174 linitus
1191 1109 1330 1174 efficitur

390 1205 434 1269 ab
449 1206 575 1288 angelis
592 1215 642 1270 est
658 1207 832 1270 humatum
1062 1225 1162 1269 sanus
1180 1214 1213 1268 et
1230 1207 1413 1288 regreditur

434 1302 465 1364 in
484 1301 578 1366 Sinat
594 1302 746 1368 culmine.
1065 1321 1180 1384 sospes
1196 1301 1266 1364 eius
1282 1303 1442 1384 precibus.

966 1427 987 1488 9

743 1545 843 1627 Ergo,
858 1545 951 1627 virgo
969 1543 1165 1622 Katherina,

743 1642 793 1704 lac
810 1649 846 1705 ut
863 1661 923 1704 nos
940 1642 1044 1705 virtus
1060 1641 1172 1704 divina

784 1746 975 1819 praesentes
992 1737 1158 1801 custodiat

743 1832 800 1896 Ab
816 1832 907 1895 omni
924 1842 1005 1895 nota
1021 1832 1133 1910 noxia,

741 1939 774 1992 et
792 1929 824 1991 in
841 1925 907 1991 line
923 1927 1078 1992 caelestia

784 2022 923 2105 adipisci
941 2023 1049 2088 saciat.

388 2216 581 2268 Manuscrit.
603 2213 718 2268 PARts:
740 2211 812 2267 Bibl.
829 2214 904 2281 Nat,
921 2213 996 2280 1098,
1007 2211 1107 2266 Missel
1121 2211 1157 2265 de
1169 2213 1291 2278 Rennes,
1305 2210 1362 2263 xtv‘
1370 2207 1463 2275 siecle,
1483 2207 1513 2260 l'.

388 2365 403 2418 3
417 2368 436 2406 a
468 2352 522 2422 Qui
537 2351 574 2406 ad
587 2352 673 2407 fidem
690 2355 720 2409 Υ.
734 2354 871 2408 Redorren.

384 2436 435 2496 4b
465 2431 545 2501 virgo
558 2443 687 2487 sanctam
701 2434 838 2487 Redonen.
871 2439 892 2488 d
922 2431 1093 2487 salutaribus
1115 2432 1144 2486 ll.
1159 2447 1221 2486 vers
1235 2431 1307 2485 faux.

387 2522 433 2576 §a
463 2513 588 2568 relevato
598 2513 737 2567 Redoncn.
770 2517 784 2566 t
814 2511 955 2566 mamillas
969 2511 1106 2566 Redonen.

389 2593 405 2645 6
419 2595 439 2644 d
471 2592 539 2652 dum
550 2609 673 2663 manque
686 2591 758 2646 dans
771 2592 908 2646 Redonen.

387 2689 401 2740 7
415 2690 433 2727 c
463 2671 535 2726 Vers
548 2671 620 2725 saux.
654 2671 774 2726 Doit·on
787 2669 912 2740 corriger
925 2689 930 2725 :
945 2672 1043 2724 ensis?

388 2755 434 2810 8b
465 2753 597 2810 affluente
611 2752 748 2807 Redonen.

496 3032 579 3104 325.
613 3011 692 3084 ou
723 3009 840 3083 vno
870 3005 1142 3082 Episcopo
1173 3002 1461 3078 nautius.

658 3246 669 3290 1
1286 3239 1302 3302 3

395 3360 450 3424 Ad
468 3380 611 3444 agonem
628 3360 814 3423 animemur
1025 3357 1082 3422 Ob
1097 3357 1160 3419 hoc
1176 3354 1291 3437 poenis
1308 3361 1358 3414 est
1374 3348 1512 3414 diversis

396 3466 427 3520 et
444 3455 601 3539 exemplo
617 3475 836 3538 provocemur
1024 3453 1185 3516 laceratus
1202 3471 1221 3513 a
1237 3448 1407 3532 perversis,

438 3552 536 3614 huius
551 3551 657 3614 sancti
676 3551 838 3632 martyris,
1070 3547 1127 3610 sed
1145 3548 1177 3609 in
1195 3545 1276 3610 caeli
1293 3544 1383 3607 curia
1481 3577 1482 3580 =

397 3645 463 3728 Qui
481 3646 612 3730 tyranni
629 3645 858 3710 blandimenta
1029 3645 1142 3726 ipsum
1161 3641 1312 3707 Christus
1328 3635 1524 3722 praemiavit

396 3743 526 3823 sprevit,
544 3742 641 3806 simul
658 3751 691 3805 et
707 3750 884 3818 tormenta,
1024 3749 1058 3802 et
1073 3739 1200 3802 honore
1216 3734 1389 3800 coronavit

439 3837 674 3919 horroremque
691 3838 836 3900 carceris.
1069 3835 1101 3897 in
1119 3833 1254 3916 perenni
1272 3831 1385 3914 gloria.

657 3993 675 4038 2
1286 3993 1307 4052 4

399 4109 493 4172 lutus
509 4109 629 4172 ardens
645 4109 782 4172 caritate
1029 4106 1134 4189 igitur
1149 4105 1237 4169 hunc
1253 4125 1456 4178 veneremur,

398 4204 474 4268 soris
491 4203 603 4267 lucens
620 4204 797 4266 sanctitate
1026 4202 1067 4265 ad
1087 4201 1270 4265 Dominum
1288 4201 1504 4282 deprecemur

440 4300 542 4382 signis
559 4309 591 4362 et
609 4299 782 4362 miraculis,
1071 4298 1273 4361 clamantes:
1296 4301 1312 4329 ⁸‘
1328 4298 1402 4360 lesu
1419 4297 1515 4373 bone,

399 4395 511 4460 Plures
528 4395 604 4458 Deo
619 4394 778 4458 lucrifecit
1031 4393 1098 4456 Hic
1114 4413 1174 4456 nos
1190 4412 1257 4468 ure,
1273 4393 1325 4454 hic
1342 4413 1403 4455 nos
1419 4411 1503 4468 seca,

398 4501 430 4555 et
447 4511 605 4574 sequaces
621 4491 691 4554 eius
707 4490 785 4554 fecit
1029 4490 1127 4553 huius
1143 4488 1248 4551 sancti
1266 4509 1326 4550 nos
1342 4507 1490 4568 coaequa

441 4585 618 4650 confractis
636 4585 828 4668 lagunculis.
1072 4583 1218 4667 passioni
1235 4593 1268 4647 ct
1284 4601 1435 4646 coronae.
1448 4581 1463 4608 ¹'

390 4757 471 4812 Cette
485 4757 572 4810 Prose
585 4773 603 4810 a
615 4755 660 4810 etc
671 4756 783 4827 publice
796 4773 848 4828 par
859 4758 961 4825 Motu,
972 4757 1105 4827 Hymnen
1117 4773 1150 4810 en
1159 4755 1328 4825 Sequentien
1337 4754 1383 4808 uit
1388 4751 1616 4821 Hundsclrrr'slen

357 4852 390 4888 en
402 4836 471 4890 uude
483 4835 692 4904 Drukwerken,
705 4843 737 4890 n⁰
746 4847 832 4906 xutx,
846 4853 871 4906 p.
881 4849 922 4906 54,
935 4836 1046 4907 d'apres
1060 4837 1086 4891 le
1104 4835 1204 4890 Missel
1214 4833 1364 4890 d²Utrecht
1377 4831 1413 4887 de
1429 4845 1503 4901 ¹540·

391 4980 442 5042 4b
482 4986 510 5032 et
524 4977 562 5031 ad
576 4975 732 5032 Dominum
750 4978 902 5033 Trnr'ecten.
920 4979 946 5031 Τ
945 4978 1048 5032 uilem
1056 4989 1103 5048 517
1118 4978 1224 5032 Motu.
1256 4989 1404 5047 precemur
1428 4971 1618 5038 Tullen.1517.
