4116 5784
504 491 577 565 340
809 489 952 542 PROSAE
979 487 1183 542 ECCLESIAE
1210 487 1446 542 MORINENSIS

502 672 623 741 rythme.
657 671 739 725 Nous
748 671 773 724 le
783 667 968 724 considemus
981 683 1093 724 comme
1106 683 1162 722 une
1175 665 1385 736 superfetation.
1413 669 1619 722 BALINGHEM
1630 682 1648 720 a
1658 665 1769 734 corrige

505 769 598 807 Μ’
855 819 914 874 Per
930 835 1016 890 quam
1036 817 1168 872 cantius
1186 833 1243 871 non
1262 816 1397 872 involvat

928 917 980 954 nos
993 903 1155 969 poenarum
1174 897 1280 967 nubilo,

857 981 908 1034 sed
917 981 1041 1050 perenni
1052 979 1246 1049 perfruamur

928 1059 1157 1130 sempiternoque
1172 1058 1289 1128 gaudio.

506 1151 564 1206 Son
575 1150 686 1204 dernier
699 1165 762 1202 vers
772 1143 815 1202 est
825 1148 898 1216 faux,
912 1164 948 1202 ne
962 1148 1033 1202 nme
1046 1163 1107 1218 pas,
1116 1155 1144 1202 et
1159 1162 1191 1200 sa
1204 1146 1321 1216 strophe
1334 1148 1379 1200 n'a
1389 1147 1452 1216 plus
1465 1147 1502 1202 de
1512 1146 1709 1218 parallelisme.

618 1347 699 1416 ²32·
734 1322 790 1394 IN
823 1319 1313 1395 ANNVNTIATIONE
1347 1319 1651 1394 DOMINICA.

821 1483 831 1526 1

594 1552 721 1614 Volens
738 1552 831 1614 Deus
847 1551 1017 1614 hominem

597 1648 736 1710 liberare
753 1647 929 1728 perditum,

599 1742 770 1826 praemisit
786 1742 827 1805 ad
845 1741 1020 1824 Virginem

603 1837 793 1904 Gabrielem
810 1837 971 1919 inclytum
989 1859 996 1916 ;

599 1934 752 2017 Angelus
768 1934 824 2017 qui
843 1935 986 1998 mittitur

600 2051 674 2094 cum
693 2031 869 2112 splendore
886 2029 1029 2106 luminis,

601 2125 787 2189 thalamum
806 2123 990 2206 ingreditur

601 2221 772 2304 speciosae
788 2219 948 2301 Virginis,

823 2331 840 2377 2

603 2407 618 2435 “
629 2403 714 2479 Ave,
725 2402 740 2428 ”
758 2402 874 2484 inquit,
891 2403 1026 2484 “gratia

604 2498 712 2580 plena,
724 2507 835 2561 tecum
853 2498 1027 2561 Dominus.
1041 2497 1058 2524 ”

605 2593 712 2676 Virgo
728 2592 873 2674 simplex
890 2602 923 2655 et
939 2593 994 2674 pia

605 2699 656 2752 est
672 2689 807 2752 turbata
823 2689 994 2770 protinus:

606 2791 621 2818 ‘¹
636 2785 753 2861 Maria,
770 2804 812 2846 ne
827 2785 956 2862 timeas,

607 2881 714 2944 electa
729 2901 807 2962 prae
824 2879 989 2956 omnibus,

607 2978 783 3041 benedicta
799 2977 947 3058 gaudeas

606 3084 643 3139 tu
660 3073 692 3135 iu
711 3071 910 3135 mulieribus.

607 3257 751 3322 Sanctus
768 3255 800 3318 iu
817 3185 850 3318 t³e
867 3253 1021 3337 Spiritus,

608 3354 650 3416 de
666 3373 733 3436 quo
749 3360 784 3414 tu
802 3350 977 3432 concipies,

607 3447 854 3512 condescendet
869 3444 1007 3508 caelitus

610 3553 711 3626 atque
727 3543 821 3624 virgo
837 3539 944 3623 paries
961 3561 969 3618 ;

609 3639 662 3702 Tu
680 3638 790 3701 Deum
808 3647 840 3700 et
857 3636 1028 3700 hominem

609 3733 749 3797 habebis
765 3734 798 3795 in
816 3731 929 3809 filiurn,

611 3831 643 3893 in
660 3829 753 3894 cuius
769 3829 932 3910 originem

612 3945 701 3990 mors
719 3925 834 4010 perdet
850 3921 1035 4006 imperium.

614 4109 680 4172 Hic
698 4109 791 4172 lesus
807 4038 989 4182 vo4cabitur,

613 4203 716 4268 Filius
733 4201 912 4280 Altissimi,

612 4320 750 4382 regnum
772 4297 823 4362 Illi
841 4298 976 4362 dabitur

615 4395 727 4458 David
745 4394 929 4458 fidelissimi
944 4413 952 4472 ;

615 4492 654 4554 In
675 4491 777 4554 Iacob
795 4489 921 4553 familia

615 4587 768 4668 regnabit
785 4585 979 4662 sublimiter,

615 4683 707 4746 cuius
724 4683 815 4764 regni
833 4681 938 4764 gloria

616 4777 717 4841 stabit
734 4777 953 4843 aeternaliter.
965 4776 982 4806 '’

1451 1477 1465 1542 5

1172 1535 1173 1538 Ἴ
1229 1552 1318 1614 Huic
1335 1552 1443 1633 Virgo
1460 1549 1609 1613 affamini

1229 1647 1401 1729 respondit
1417 1646 1606 1710 humiliter:

1229 1747 1244 1773 ‘⁴
1261 1742 1394 1806 Ancilla
1410 1761 1483 1805 sum
1502 1741 1640 1804 Domini
1656 1761 1663 1818 ;

1231 1839 1277 1901 sic
1294 1839 1345 1916 sit,
1361 1847 1395 1901 et
1412 1858 1478 1900 non
1496 1837 1598 1900 aliter.
1614 1836 1629 1863 '’

1232 1934 1316 1997 Mox
1336 1935 1428 1996 Deus
1445 1934 1629 2015 ingreditur

1235 2030 1267 2092 in
1285 2031 1392 2112 ipsam
1410 2029 1557 2106 feliciter,

1235 2135 1267 2189 et
1285 2145 1472 2208 praegnans
1489 2122 1629 2187 efficitur

1237 2222 1343 2304 Virgo
1360 2219 1562 2284 mirabiliter.

1240 2403 1321 2482 Ave,
1337 2403 1496 2481 clausum,
1513 2403 1629 2466 unicae

1239 2499 1384 2562 Deitatis
1400 2499 1537 2578 ostium,

1238 2595 1413 2658 Trinitatis
1429 2596 1543 2659 deicae

1236 2691 1376 2754 thronus
1392 2701 1425 2754 et
1442 2690 1631 2768 triclinium,

1241 2788 1324 2864 Ave,
1340 2807 1515 2870 perquam
1533 2785 1666 2850 saeculo

1241 2903 1309 2964 pax
1326 2883 1417 2945 venit
1433 2891 1466 2945 et
1482 2883 1652 2965 gaudium,

1239 2987 1359 3041 cuncta
1375 2977 1436 3040 tibi
1453 2977 1571 3042 sedulo

1240 3073 1363 3138 saciant
1380 3075 1561 3139 inclinium.

1459 3185 1478 3250 7

1241 3258 1302 3320 Per
1318 3276 1431 3320 aurem
1448 3257 1639 3338 concipiens

1241 3354 1308 3416 veri
1324 3353 1404 3416 solis
1421 3353 1561 3430 radium,

1242 3449 1322 3512 nihil
1340 3447 1418 3511 mali
1436 3447 1582 3512 sentiens

1242 3543 1329 3626 paris
1346 3544 1452 3626 Virgo
1469 3541 1594 3622 filium;

1243 3639 1370 3702 Natum
1387 3640 1420 3702 in
1437 3639 1611 3722 praesepio

1242 3736 1339 3818 ponis
1355 3735 1560 3813 animalium,

1242 3832 1298 3912 qui
1315 3841 1405 3894 caret
1421 3831 1585 3914 principio

1245 3925 1437 3990 Creatorem
1454 3927 1614 3990 omniurn.

1246 4107 1347 4186 Audi,
1364 4021 1480 4172 Mate?
1492 4109 1640 4187 Domini,

1246 4205 1288 4268 de
1304 4204 1471 4268 caelorum
1488 4203 1592 4287 apice,

1246 4300 1322 4363 huic
1338 4301 1512 4363 adstantes
1528 4299 1666 4364 carmini

1248 4395 1438 4460 miserando
1454 4397 1581 4478 respice
1596 4417 1603 4476 ;

1252 4491 1454 4574 Imperatrix
1470 4491 1604 4573 gloriae,

1250 4607 1311 4650 nos
1328 4607 1348 4650 a
1365 4586 1461 4651 malis
1476 4589 1575 4671 eripe,

1248 4681 1337 4746 Fons
1354 4682 1608 4762 misericordiae,

1247 4797 1308 4843 ave
1325 4787 1475 4843 nostrum
1492 4781 1631 4863 suscipe.

1013 5005 1015 5008 -
1034 4961 1119 5043 Ave,
1134 4981 1202 5038 ave,
1221 4983 1291 5032 ave.
