4108 5794
496 525 512 572 2
520 507 566 596 56
795 523 936 573 nuosns
964 521 1167 574 sccuusmu
1194 522 1489 574 rrmuuuunsms

527 706 578 768 3b
609 699 709 753 intenti
734 701 763 754 T.
785 699 944 755 Massr'lr'en.
969 701 1161 756 Tarenlasr'en.
1195 701 1235 754 La
1257 701 1415 756 correction
1434 703 1550 754 intentis
1563 701 1703 773 s'impose.
1735 723 1753 760 c

493 781 569 834 Patri
585 780 743 834 Marsr'lr'en.
776 797 793 834 e
824 780 921 850 magni
939 779 969 834 T.
1002 798 1022 848 g
1052 791 1190 850 quantum
1203 781 1239 835 sit
1257 782 1283 834 T
1281 822 1287 834 .

527 875 577 925 4a
609 860 700 912 Patris
714 859 849 913 indicium
864 861 1025 914 Massr'lr'aen.
1058 864 1079 915 b
1109 861 1267 930 praemium
1281 861 1307 914 T
1305 863 1474 916 arentasien.

530 953 574 1008 30
606 939 724 1007 Myrrha
736 949 816 993 notat
834 939 864 994 T.
898 945 911 992 r
939 939 1295 995 homoverusMassilien.
1327 959 1348 1009 g
1377 942 1461 1010 culpa
1483 951 1578 996 tamen
1593 941 1752 998 Masrr'lr'en.

528 1019 576 1071 ob
607 1029 636 1072 ut
651 1018 789 1088 propheta
807 1021 837 1073 T.
869 1036 887 1088 g
914 1031 1102 1090 praesentans
1115 1020 1275 1074 Massr'lien.

528 1114 574 1165 7c
605 1098 674 1153 dum
694 1099 854 1152 mirabilem
883 1099 909 1152 Τ
905 1101 1075 1153 arenrasien.
1108 1105 1129 1154 d
1161 1100 1229 1155 dum
1259 1100 1349 1155 univit
1375 1101 1404 1155 T.
1435 1102 1628 1156 Tarentasr'en.
1671 1104 1753 1156 Nous

492 1179 634 1248 adoptons
648 1179 676 1232 la
689 1179 770 1248 lecon
783 1178 819 1232 de
833 1179 994 1234 Massilien.
1009 1180 1107 1249 exigee
1120 1197 1172 1250 par
1191 1181 1218 1234 la
1229 1181 1308 1236 rime.
1338 1187 1352 1234 l
1382 1181 1509 1235 Verbum
1522 1183 1704 1238 carolactum
1718 1183 1754 1238 de

493 1262 610 1331 Virgine
624 1263 783 1315 Mmsr'lr'en.
814 1279 834 1329 g
860 1273 919 1316 erat
935 1264 1014 1317 Deus
1025 1264 1185 1318 Massilien.

529 1342 578 1396 8a
609 1340 748 1410 colorell)
765 1341 956 1397 lurentanen.
986 1347 1008 1397 b
1037 1359 1160 1414 manque
1171 1343 1243 1398 dans
1262 1343 1292 1400 T.
1324 1361 1341 1398 e
1370 1344 1529 1400 Trinumet
1553 1363 1639 1402 unum
1660 1347 1754 1404 Deum

494 1421 609 1476 credere
626 1421 657 1474 T.

785 1777 865 1848 168.
897 1774 1070 1848 FERlA
1103 1775 1162 1848 lll
1201 1775 1470 1852 PASCHAE.

799 2101 810 2146 ¹
1424 2105 1447 2168 4

538 2259 631 2323 Haec
646 2265 696 2321 est
713 2257 784 2321 dies
801 2257 899 2320 nobis
917 2257 1015 2336 laeta,
1171 2260 1267 2325 Haec
1285 2261 1344 2326 lux
1362 2261 1465 2326 Sarae
1482 2263 1560 2328 lecit
1576 2262 1718 2348 [risum],

535 2355 606 2417 dies
623 2365 756 2417 nostrae
773 2355 890 2418 mortis
908 2367 1006 2434 meta,
1168 2378 1269 2422 caeco
1285 2367 1365 2422 natu
1382 2361 1475 2424 dedit
1491 2361 1608 2439 visum,

537 2470 604 2532 qua
620 2461 768 2514 mutatur
784 2450 865 2514 thau
884 2449 945 2534 [in]
962 2453 1055 2517 theta
1169 2463 1203 2517 et
1219 2455 1261 2517 de
1276 2464 1355 2518 ante
1371 2457 1562 2536 paradisum

582 2566 603 2608 o
619 2547 661 2609 ad
678 2545 779 2628 alpha
795 2549 934 2611 vertitur
951 2569 959 2627 ;
1210 2549 1288 2614 tulit
1304 2570 1417 2614 ensem
1435 2551 1628 2616 flammeum
1642 2573 1650 2632 ;

541 2643 610 2706 Ista
626 2643 697 2706 dies
713 2653 763 2706 est
779 2643 918 2720 dierum,
1168 2645 1280 2729 Caput
1296 2647 1414 2728 anguis
1430 2649 1653 2726 conculcatur,

539 2739 571 2802 in
588 2759 655 2821 qua
671 2739 767 2802 nobis
785 2739 914 2802 Lumen
932 2761 1056 2818 verum,
1166 2743 1232 2825 qui,
1248 2762 1324 2805 cum
1343 2763 1475 2826 semper
1490 2755 1674 2827 superatur,

538 2836 640 2918 pium,
656 2855 785 2898 sacrum
805 2846 838 2898 et
858 2837 1035 2916 sincerum,
1168 2849 1318 2902 nostrum
1335 2839 1456 2903 saltem
1474 2841 1685 2905 machinatur

581 2933 623 2996 de
639 2931 815 3014 sepulchro
832 2933 986 2997 nascitur.
1211 2933 1341 2998 laedere
1357 2935 1560 3000 calcaneum.

799 3135 817 3182 ²
1432 3135 1447 3201 5

541 3307 579 3370 ln
596 3306 659 3370 hac
675 3308 729 3370 die
746 3317 815 3370 tarn
833 3306 960 3384 festiva,
1168 3308 1237 3375 Dat
1256 3310 1429 3374 Rebeccae
1445 3311 1685 3376 documentum

540 3424 617 3466 caro
634 3403 757 3468 Christi
774 3403 922 3468 rediviva
1172 3405 1273 3470 lacob
1290 3406 1440 3489 fragrans
1456 3408 1703 3486 vestimentum,

539 3521 600 3564 nos
616 3501 789 3564 credentes
805 3501 838 3563 in
856 3521 915 3583 spe
930 3500 1005 3564 viva
1170 3513 1206 3566 ut
1222 3503 1268 3566 sic
1285 3504 1372 3585 patri
1388 3505 1445 3567 det
1462 3504 1672 3586 pulmentum

582 3587 679 3665 locat,
696 3589 777 3670 figit,
793 3588 911 3670 erigit;
994 3635 998 3642 -
1210 3592 1300 3672 quod
1315 3591 1402 3654 hunc
1420 3593 1504 3654 velle
1522 3601 1680 3671 noverat;

538 3683 595 3747 Ab
611 3684 673 3747 hac
689 3685 744 3748 die
761 3704 875 3748 sumus
892 3687 964 3764 tuti,
1170 3687 1260 3750 Dum
1279 3697 1402 3750 venatu
1418 3698 1610 3770 occupatur,

540 3781 622 3844 haec
639 3781 741 3844 adicit
759 3801 820 3844 nos
837 3783 962 3860 virtuti,
1173 3793 1398 3866 exspectatur,
1414 3785 1472 3847 sed
1490 3795 1647 3865 moratur,

538 3877 623 3941 vires
639 3878 741 3942 trucis
758 3885 791 3941 et
804 3879 927 3942 versuti
1170 3891 1203 3944 et
1218 3901 1238 3943 a
1255 3879 1354 3943 lratre
1371 3879 1607 3964 supplantatur

583 3975 679 4038 dolos
696 3973 810 4056 procul
827 3975 942 4057 abigit.
1214 3977 1271 4060 qui
1288 3976 1412 4041 lentem
1429 3977 1588 4060 cupierat.

803 4185 821 4249 3
1430 4171 1452 4234 6

540 4361 655 4425 Adam
672 4361 787 4444 procul
805 4362 964 4439 exulavit,
1170 4363 1237 4428 Hic
1254 4374 1313 4443 est,
1329 4365 1382 4428 hic
1399 4375 1450 4430 est
1466 4365 1537 4429 dies
1555 4366 1609 4430 ille

483 4473 485 4477 ·
539 4457 648 4542 plagis
665 4457 778 4522 multis
794 4459 975 4541 vapulavit,
1168 4461 1287 4544 inquo
1305 4461 1449 4527 Samson
1468 4463 1501 4526 in
1519 4463 1657 4527 maxille

540 4556 598 4618 sed
614 4554 703 4617 hunc
720 4553 830 4638 [haec]
847 4555 907 4618 lux
924 4558 1090 4622 revocavit
1167 4557 1258 4622 solus
1275 4559 1393 4622 sternit
1411 4559 1497 4622 viros
1514 4559 1605 4623 mille

584 4659 618 4713 et
633 4652 764 4714 sanavit
780 4651 939 4732 vulnera;
1211 4665 1245 4718 et
1261 4655 1366 4718 victor
1382 4655 1577 4736 revertitur;

542 4747 789 4811 Detumescunt
806 4747 924 4812 fluctus
941 4749 1024 4832 freti,
1172 4751 1289 4816 Portas
1305 4751 1413 4815 aufert
1428 4753 1582 4831 civitatis,

543 4843 645 4906 Ionas
662 4845 733 4906 exit
749 4853 865 4907 ventre
881 4847 977 4924 coeti,
1170 4847 1370 4930 suffragatur
1385 4850 1570 4930 captivatis,

544 4938 575 5000 N
580 4939 715 5004 inivitae
731 4939 814 5004 fiunt
831 4940 918 5019 laeti,
1169 4954 1203 5008 et
1219 4965 1280 5027 pro
1296 4943 1559 5028 inimicis'gratis

587 5035 772 5100 desiccatur
787 5037 919 5105 hedera.
1215 5041 1298 5104 miro
1315 5042 1417 5105 modo
1434 5043 1580 5110 moritur.
