4102 5792
506 544 576 611 422

828 542 969 592 PROSAE
997 540 1199 590 ECCLESIAE
1228 541 1448 591 LVlllCENSIS

671 791 750 863 295.
786 769 843 842 ΙΝ
874 769 1250 844 VISITATIONE
1282 771 1321 844 B.
1348 769 1587 844 MARIAE.

812 1041 822 1086 l

635 1181 674 1242 ln
692 1179 743 1242 his
760 1178 942 1242 sollemniis

632 1274 846 1338 Visitationis

636 1371 762 1433 Mariae
779 1370 928 1451 Virginis

633 1467 723 1529 dicat
740 1465 835 1546 plebs
852 1463 978 1528 tidelis:

633 1567 649 1593 “
667 1561 697 1626 O
716 1561 831 1624 mundi
848 1581 933 1643 speS,
949 1582 1016 1626 ave.
1031 1563 1046 1588 ''

635 1658 744 1720 Mater
761 1657 935 1719 humilium

632 1773 693 1816 vae
709 1752 794 1828 tulit,
809 1753 969 1833 gaudium

633 1849 735 1924 dedit,
751 1849 832 1910 dum
850 1845 886 1910 fit
902 1849 995 1930 pium

633 1963 694 2006 ave
711 1963 769 2026 per
784 1942 950 2024 angelum,

634 2049 667 2102 et
683 2060 743 2120 pro
761 2039 833 2102 Eva
848 2059 917 2102 ave.

810 2227 827 2272 2

634 2382 766 2463 Nempe
783 2401 843 2463 pro
859 2381 982 2445 semina

633 2476 782 2540 redditur
798 2477 930 2553 semina,

632 2573 779 2653 prudens
795 2593 855 2654 pro
871 2572 972 2650 fatua,

633 2667 722 2731 mitis
738 2688 799 2750 pro
814 2671 965 2750 superba,

633 2755 726 2837 virgo
742 2775 802 2836 pro
819 2754 962 2836 lasciva;

634 2849 729 2934 Quae
747 2861 887 2915 mortem
905 2853 1042 2918 abstulit

633 2966 732 3028 quam
751 2946 805 3010 illa
822 2947 942 3026 intulit,

633 3053 665 3106 et
681 3063 782 3124 quam
799 3043 881 3108 haec
896 3046 1042 3127 perdidit

633 3138 735 3201 vitam
753 3139 897 3204 restituit

632 3233 810 3316 Deumque
826 3235 977 3316 placavit.

806 3427 823 3489 3

630 3576 715 3640 Cum
733 3577 832 3659 plena
848 3578 956 3643 salute

630 3682 744 3736 ventre
760 3672 804 3736 sis
821 3683 853 3737 et
870 3695 935 3750 ore,

630 3769 682 3831 dic
699 3769 788 3850 prior
803 3779 967 3850 cognatae
983 3795 989 3834 :

628 3863 755 3927 “Salus
771 3866 863 3928 venit
879 3867 920 3928 ad
939 3875 981 3943 te,

629 3960 718 4042 quod
736 3969 786 4024 est
802 3961 929 4024 dictum
945 3985 951 4024 :
968 3962 1066 4026 salve.
1079 3961 1096 3990 '⁹

630 4056 867 4137 Respondeat:
883 4061 898 4088 “
913 4056 988 4120 Ave

630 4151 746 4226 Maria,
763 4169 839 4213 nam
857 4163 964 4232 perte

628 4245 762 4326 sugatur
777 4266 878 4308 omne
893 4267 955 4310 vae

627 4343 716 4423 quod
734 4361 778 4404 ex
795 4341 932 4406 muliere

626 4438 717 4500 venit
733 4437 804 4500 orbi
821 4448 935 4502 terrae.
954 4439 969 4465 '³

1438 1043 1458 1103 4

1264 1180 1461 1262 Exsurgens
1478 1180 1608 1254 festina,

1264 1275 1402 1338 visitans
1420 1284 1589 1350 montana,

1264 1371 1388 1433 clamat
1404 1379 1437 1433 et
1453 1379 1598 1453 cognata

1264 1467 1353 1548 quod
1370 1467 1415 1528 sis
1431 1465 1605 1548 gravidata

1260 1563 1317 1624 sed
1336 1562 1394 1624 viri
1413 1562 1524 1624 nescia
1541 1583 1548 1640 ;

1265 1656 1315 1720 En
1333 1667 1465 1738 partum
1483 1658 1603 1738 virgini

1264 1753 1417 1834 spiritum
1435 1752 1548 1828 sterili,

1263 1850 1422 1930 gaudium
1441 1849 1560 1910 inlanti

1269 1945 1362 2006 Deus
1378 1946 1436 2008 dat
1452 1965 1459 2022 ;
1476 1943 1586 2024 angeli

1264 2041 1477 2121 congaudent
1494 2039 1630 2101 homini.

1441 2225 1456 2291 5

1265 2385 1309 2448 Et
1325 2403 1401 2446 cum
1417 2392 1505 2447 esset
1522 2383 1625 2446 homo

1262 2479 1358 2542 exsul
1375 2499 1395 2542 a
1410 2479 1545 2561 gaudio

1262 2577 1327 2638 iam
1346 2575 1493 2656 iungitur
1510 2573 1584 2638 Deo
1601 2597 1609 2654 ;

1261 2671 1423 2752 tripudiat
1439 2690 1520 2751 ergo

1262 2757 1371 2821 inians
1388 2757 1420 2820 in
1438 2766 1543 2823 utero,

1265 2853 1337 2931 Eia,
1353 2853 1448 2936 virgo
1464 2854 1528 2934 pia,

1264 2950 1364 3012 misce
1381 2959 1454 3012 sata
1471 2949 1557 3014 tria:

1262 3046 1372 3108 Deum
1390 3047 1567 3127 peccatori,

1260 3141 1403 3224 gratiam
1421 3140 1560 3218 homini,

1262 3257 1323 3300 nos
1339 3237 1537 3301 aeternitati.

1433 3414 1455 3474 6

1260 3579 1325 3643 Tui
1343 3581 1504 3642 memoria

1261 3685 1399 3757 agentes
1416 3674 1448 3737 in
1465 3675 1519 3736 via

1260 3781 1370 3834 tecum
1388 3779 1464 3852 post
1481 3769 1589 3833 tristia

1260 3867 1301 3929 ad
1319 3886 1396 3929 vera
1413 3865 1537 3946 gaudia

1259 3962 1394 4044 perduc,
1411 3961 1441 4026 O
1461 3961 1578 4038 Maria,

1261 4059 1305 4120 Et
1322 4078 1340 4120 a
1358 4057 1490 4119 miseria

1256 4155 1321 4216 duc
1337 4153 1380 4216 ad
1397 4151 1562 4228 caelestia,

1256 4247 1385 4330 angelis
1401 4247 1500 4324 socia,

1256 4353 1358 4425 atque
1373 4352 1535 4426 perpetua

1254 4441 1298 4504 da
1313 4439 1375 4502 srui
1393 4439 1508 4521 gloria.

532 4641 739 4691 Manusorlts.
763 4637 908 4692 Luuucrt:
930 4637 1001 4692 Bibl.
1016 4638 1087 4692 dela
1100 4638 1182 4706 Ville,
1198 4637 1297 4692 Missel
1308 4637 1345 4691 de
1359 4636 1484 4704 Lubeck,
1498 4637 1578 4706 piece
1591 4635 1703 4706 ajoutee
1720 4655 1756 4692 au

492 4715 752 4849 ξίνὲῑεῗέὲεῗώῖα
783 4717 954 4772 Graduelde
968 4718 1091 4786 Lubeck,
1105 4718 1253 4785 xv‘siecle,
1270 4717 1377 4781 LllK,·
1410 4716 1509 4771 Missel
1523 4716 1560 4772 de
1574 4717 1758 4785 Lubeclr,nve

580 4835 586 4862 ‚
693 4836 699 4849 .

526 4957 541 4994 2
556 4946 569 4994 l
601 4941 708 5012 depulit
721 4940 972 5012 Brundenburgen.

525 5036 540 5088 3
554 5026 597 5088 fg
629 5020 814 5091 Respondeat
828 5019 939 5076 Maria:
954 5023 1021 5076 Ave.
1037 5019 1166 5074 lubicen.
