4094 5796
614 516 756 572 PROSAE
784 519 986 574 ECCLESIAE
1010 521 1302 578 ,Anbssonvuusts

596 700 653 770 26.
685 696 762 772 DE
793 696 1021 778 SANCTO,
1046 699 1326 798 ANTONIO.

639 864 650 910 1
1093 853 1205 918 Iesum
1223 875 1323 940 super
1338 855 1473 938 omnia;

416 947 588 1014 Antonius
611 949 755 1027 humilis,
1049 951 1150 1016 Hunc
1167 963 1323 1036 peccator
1338 953 1544 1036 deprecetur,

416 1047 595 1111 sanctitate
619 1046 750 1124 nobilis,
1049 1056 1086 1111 ut
1102 1048 1270 1130 perillum
1287 1050 1496 1114 condonetur

416 1141 616 1208 afflictorum
639 1142 756 1227 gloria,
1091 1145 1181 1228 quod
1200 1165 1294 1209 mens
1310 1145 1407 1209 timet
1423 1147 1568 1230 conscia.

635 1264 653 1312 ²
1266 1255 1285 1322 7

416 1348 502 1414 Cum
518 1359 711 1414 sanctorum
729 1351 881 1416 coetibus
968 1377 971 1382 ·
1047 1341 1137 1404 Laus
1154 1350 1187 1406 et
1203 1340 1312 1404 honor
1327 1340 1373 1404 illi
1391 1341 1490 1406 datur
1505 1363 1513 1422 3

414 1443 519 1528 fulget
536 1447 569 1508 in
585 1446 786 1512 caelestibus
1045 1439 1187 1524 satis-ex
1204 1459 1239 1500 se
1255 1439 1510 1504 commendatur

413 1541 547 1605 sublimi
563 1543 702 1606 victoria
717 1564 725 1624 ;
887 1587 905 1626 9
1090 1554 1229 1616 operum
1246 1553 1305 1616 per
1322 1533 1440 1596 merita
1455 1554 1462 1612 ;

414 1638 490 1705 Cari
508 1641 557 1703 sui
576 1642 695 1706 merito
1047 1631 1236 1693 Daemonia
1252 1629 1356 1692 vincit
1373 1629 1444 1708 iste,

414 1755 506 1799 more
522 1735 676 1802 Christus
692 1736 792 1802 solito
1045 1737 1078 1790 et
1095 1727 1250 1790 concedis
1267 1723 1324 1803 illi,
1341 1723 1482 1804 Christe,

413 1819 606 1896 consolator
621 1834 745 1898 omnia,
1088 1842 1220 1906 semper
1237 1841 1308 1885 esse
1325 1822 1468 1887 subdita.

1264 1925 1283 1985 8

413 2054 504 2119 Data
520 2057 582 2120 sibi
599 1963 707 2140 grith
786 2101 788 2105 Ι
1045 2019 1235 2083 Veneretur
1251 2018 1305 2081 hic
1322 2027 1483 2100 patronus

413 2171 471 2233 per
487 2153 610 2216 saeculi
627 2153 737 2235 spatia
1044 2134 1144 2226 quem
1157 2114 1311 2178 caelestis
1323 2113 1588 2227 habetthronns,

414 2245 501 2311 lacta
516 2258 567 2312 est
583 2249 792 2331 praenuntia.
1088 2233 1144 2294 ‘1¹¹¹
1161 2212 1275 2276 dand⁰
1291 2209 1470 2322 beneficffi,
1490 2307 1498 2322 ,

414 2343 537 2407 petens
553 2344 755 2408 &ulantibus
1088 2309 1251 2372 mundum
1269 2308 1376 2390 replet
1393 2305 1528 2372 laetttra.

411 2439 489 2521 igne
505 2441 722 2522 pereuntibus
1047 2404 1113 2466 Hic
1129 2405 1280 2513 divinum
1297 2405 1382 2468 dans
1399 2405 1538 2468 odorem

411 2545 609 2618 exspectata
624 2537 773 2619 ἔξωάῑῆ
805 2549 807 2556 ,
1045 2509 1172 2580 pestem
1191 2498 1285 2582 pelht
1298 2509 1331 2563 et
1344 2499 1541 2608 languorem
1557 2520 1565 2576 ;

1088 2595 1178 2659 velut
1195 2615 1289 2659 rosae
1305 2595 1356 2658 vel
1374 2594 1443 2658 ltha

475 2760 482 2774 ι
548 2762 554 2774 Ι
629 2668 666 2775 4.
1088 2690 1215 2755 redolet
1231 2692 1264 2754 in
1283 2691 1443 2756 Ecclesia.

412 2759 510 2823 Feltx
526 2781 596 2824 erus
612 2781 725 2825 anima
1260 2809 1281 2870 9

411 2855 564 2940 linquens
580 2857 669 2922 orbis
686 2855 810 2936 infima,

411 2973 510 3016 carne
527 2953 593 3015 iarn
609 2953 773 3034 deposita,

411 3046 580 3113 Christum
597 3057 648 3112 est
664 3051 795 3113 intuita.

1041 2891 1072 2956 Ο
1090 2891 1229 2968 Antoni,
1246 2891 1311 2955 Dei
1329 2909 1438 2968 verna,

1041 2990 1156 3052 mundi
1174 2989 1270 3052 iubar
1285 2997 1318 3052 et
1335 2987 1479 3064 lucerna,

1127 3085 1217 3166 apud
1235 3083 1404 3148 Christum

629 3171 644 3236 5
1126 3199 1263 3262 gregem
1279 3179 1381 3242 istum

411 3255 502 3321 N0t²
519 3268 597 3322 sunt
613 3278 672 3340 Ρθῐ
687 3259 820 3323 338ὒῦῙὲ
1081 3273 1264 3339 clementer
1280 3273 1440 3350 concilia;

410 3353 513 3434 ipsius
530 3354 700 3431 miracula,
1041 3369 1090 3435 Ut
1107 3372 1197 3434 Fons
1212 3391 1364 3435 summae
1380 3369 1523 3452 pietatis,

411 3449 526 3512 mortis
541 3449 640 3513 SOlvit
657 3450 789 3514 Vincula
1039 3488 1100 3530 nos
1119 3469 1299 3531 mundatos
1316 3488 1335 3530 a
1351 3466 1498 3548 peccatis

409 3544 526 3626 plenus
544 3545 608 3608 Dei
625 3547 733 3628 gratia
748 3567 755 3624 ;
1039 3563 1080 3626 ad
1099 3582 1263 3646 supernae
1279 3562 1439 3626 claritatis

626 3660 648 3721 6
1083 3660 1245 3742 perducat
1261 3657 1411 3722 concilia.

368 3768 424 3831 Nil
440 3775 609 3833 terrenum
627 3769 798 3833 ambiebat
1248 3779 1286 3826 10

365 3867 442 3948 quia
457 3886 535 3930 vere
550 3867 712 3949 diligebat
1076 3863 1188 3927 Amen
1206 3863 1320 3927 dicant
1336 3861 1459 3924 omnia.

358 4003 568 4054 Manuscrits.
586 4001 681 4054 Pnttts
696 4017 702 4054 :
719 3999 793 4053 Bibl.
809 4000 886 4066 Nat,
906 3998 967 4066 831,
988 3996 1068 4066 prece
1080 3995 1192 4066 ajoutee
1205 4012 1242 4049 au
1263 3994 1321 4048 xive
1333 3993 1427 4060 siecle,
1441 3993 1479 4048 X.
1506 3994 1578 4050 Bibl.

324 4077 436 4148 Matar,
450 4078 510 4146 448,
527 4079 656 4134 Prosaire
670 4079 721 4133 des
736 4077 885 4148 celestius,
899 4079 956 4131 xvi⁰
969 4076 1063 4141 siecle,
1076 4077 1110 4131 Z.

360 4173 369 4211 t
386 4163 407 4212 b
439 4157 632 4213 sanctificatus
647 4159 831 4228 Andagaven.

357 4243 407 4292 2d
441 4237 533 4292 Patris
546 4237 617 4292 tanti
633 4239 808 4292 Cameracen.
834 4255 851 4292 e
878 4235 983 4291 Christi
997 4235 1183 4306 Andagaven.

356 4333 372 4384 3
394 4319 447 4372 Les
461 4317 534 4372 deux
548 4318 654 4386 parties
668 4318 703 4372 de
717 4328 791 4372 cette
802 4318 919 4387 strophe
932 4327 996 4371 sont
1007 4314 1183 4370 interverties
1193 4315 1266 4370 dans
1280 4313 1465 4384 Andegaven.
1483 4313 1578 4368 Came-

321 4413 409 4452 racen.
426 4397 566 4451 Colonr'en.
581 4397 710 4451 modim.
777 4457 782 4466 ¹

357 4492 372 4543 3
386 4482 406 4531 d
438 4476 627 4531 exaltantibus
642 4477 825 4546 Andagaven.

357 4570 407 4622 4a
437 4557 521 4610 huius
536 4556 687 4624 Columba,
705 4569 780 4626 1525.

356 4637 373 4689 6
386 4642 407 4690 d
440 4637 525 4690 Hunc
539 4649 670 4692 sanctum
683 4637 869 4707 deprecemur
882 4637 919 4691 N.
934 4645 1064 4706 precator
1076 4635 1260 4706 Andecaven.

357 4728 372 4780 7
386 4721 407 4770 b
438 4716 508 4770 satis
519 4717 740 4786 etAndegaven.
759 4726 837 4772 satus
845 4735 879 4772 ex
890 4716 1065 4771 Canteracen.
1085 4721 1105 4770 d
1119 4715 1185 4770 vicit
1197 4714 1346 4770 Cenoman.
1357 4713 1579 4783 Leodr'en.,1540.

357 4794 407 4849 8b
438 4812 523 4866 quem
536 4795 565 4849 in
579 4796 750 4850 caelestibus
764 4796 947 4867 Andegaven.
978 4814 995 4850 e
1026 4795 1156 4850 ardorem
1175 4795 1358 4864 Andagaven.
1390 4810 1410 4860 g
1442 4809 1507 4848 rosa
1528 4793 1578 4847 Co·

323 4874 432 4945 lonr'en,
449 4888 525 4945 1525·
538 4875 678 4942 Leodt'en.,
697 4889 771 4943 ¹540·

357 4960 407 5020 9b
437 4953 589 5009 innodatos
602 4955 786 5024 Andegaven.
820 4961 840 5010 d
872 4955 989 5010 chorum
1003 4955 1037 5009 Z.

342 5047 373 5092 10
391 5051 513 5108 manque
522 5035 596 5100 dans
612 5033 794 5090 Cenomanen.
828 5035 909 5091 Haec
922 5035 971 5090 det
984 5035 1045 5090 eius
1057 5034 1149 5104 gratia
1169 5034 1216 5106 qui
1240 5043 1339 5104 regnat
1361 5051 1412 5106 per
1433 5031 1529 5090 omnia
1541 5033 1576 5092 Z.
