4096 5794
522 521 596 614 588
808 541 950 594 mosas
977 542 1183 594 uccuasma
1209 542 1487 594 cuauuursusrs

826 734 841 802 5
1454 725 1474 786 8

607 851 703 916 Haec
719 852 805 916 inter
821 852 965 935 insignia
1235 851 1343 918 Solvit
1360 851 1523 917 maleficia

604 949 747 1030 sumpsit
763 967 845 1011 voce
861 949 985 1012 caelica
1233 950 1319 1013 inter
1335 953 1443 1012 undas
1460 949 1572 1014 Diana

602 1043 811 1125 praesulatus
827 1043 982 1110 culmina.
1233 1065 1320 1128 quae
1335 1045 1510 1127 deceptrix
1528 1044 1672 1110 finxerat
1689 1069 1696 1126 ;

603 1139 634 1204 O
652 1139 785 1221 Myrrea
801 1141 927 1216 civitae,
1234 1141 1398 1204 Iuvenum
1416 1141 1560 1206 innocua

603 1234 685 1298 felix
702 1255 737 1298 es
753 1256 812 1319 per
827 1235 960 1300 saecula
1234 1236 1447 1320 militumque
1463 1239 1574 1320 capita

604 1339 700 1396 tanto
715 1342 810 1415 patre
826 1333 985 1415 praedita.
1235 1353 1255 1396 a
1271 1331 1385 1416 iugulo
1402 1333 1530 1398 liberat.

819 1465 840 1526 6
874 1485 876 1497 '
1448 1483 1470 1548 9

602 1605 706 1669 Cuius
722 1625 781 1688 per
798 1606 956 1671 miracula
1230 1609 1373 1673 Puerum
1391 1629 1467 1673 cum
1485 1611 1586 1675 situla

601 1700 680 1763 bina
697 1701 747 1764 bis
764 1722 823 1784 per
839 1702 975 1767 climata
1229 1715 1310 1770 voto
1327 1706 1425 1783 sact0,
1441 1725 1553 1783 aurea,

601 1795 731 1878 pollens
747 1797 828 1861 satis
844 1799 968 1864 rutilas.
1231 1821 1376 1864 mersum
1393 1811 1502 1866 servat
1518 1802 1562 1866 ab
1578 1803 1689 1882 unda;

603 1892 634 1956 N
638 1901 734 1956 auras
750 1912 897 1976 namque
912 1894 1032 1959 liberat
1233 1895 1399 1960 Latrones
1415 1899 1592 1963 exterritat

600 2007 684 2071 quos
701 1997 885 2072 tempestas
900 1989 1012 2054 valida
1231 2001 1267 2056 ut
1283 1992 1415 2058 sublata
1432 1993 1575 2058 reserant

599 2103 762 2168 quassans
777 2106 885 2169 paene
901 2096 1069 2152 merserat.
1230 2089 1368 2171 imagini
1386 2090 1516 2154 tradita.

815 2235 834 2298 7
1437 2239 1476 2286 10

598 2351 734 2416 Plebem
752 2351 839 2415 same
856 2352 1005 2416 tabidam
1227 2353 1326 2418 Plura
1341 2363 1418 2418 sunt
1436 2353 1604 2436 magnalia

596 2449 708 2526 verbo,
724 2449 799 2512 cibo
815 2449 968 2514 sublevat
1229 2450 1295 2516 fide
1310 2460 1405 2534 gesta
1421 2451 1530 2514 vivida

598 2566 657 2628 per
673 2546 841 2611 frumenta
857 2545 1026 2629 praestita,
1226 2569 1326 2632 quam
1344 2547 1456 2612 referri
1473 2547 1617 2627 valeant,

598 2641 695 2724 Quae
712 2661 866 2705 mensura
882 2643 1017 2725 propria
1228 2643 1324 2728 Quae
1341 2665 1399 2726 per
1414 2664 1490 2708 eum
1507 2644 1615 2727 gratia

594 2738 753 2803 dantibus
770 2739 802 2801 in
820 2739 928 2822 patria
1225 2742 1422 2824 adimplevit
1438 2742 1560 2816 divina,

592 2845 670 2898 sunt
687 2844 817 2918 reperta
834 2836 970 2918 integra.
1224 2859 1311 2902 nunc
1328 2858 1463 2920 quoque
1480 2837 1678 2902 accumulat.

1108 2967 1141 3013 11

918 3069 999 3134 Eius
1015 3070 1057 3134 de
1074 3069 1191 3134 tumba
1208 3071 1308 3136 sudat

915 3157 1026 3222 oleum
1043 3158 1134 3239 quod
1152 3158 1305 3222 morbida

917 3246 1067 3308 membra
1083 3245 1192 3308 reddit
1208 3245 1321 3310 valida
1336 3269 1344 3328 ;

916 3333 1027 3396 Morte
1044 3331 1138 3395 cuius
1154 3332 1280 3415 inclyta

916 3421 987 3483 dies
1002 3418 1086 3484 haec
1101 3419 1263 3502 tripudiat

915 3507 994 3570 anni
1010 3528 1069 3590 per
1084 3507 1255 3571 curricula

1104 3645 1140 3690 12

917 3746 995 3827 lpse
1011 3744 1108 3808 nobis
1124 3743 1276 3810 conserat

915 3853 974 3915 per
989 3853 1049 3896 sua
1065 3831 1225 3914 suffragia

915 3921 1119 4003 sempiterna
1134 3921 1270 4002 gaudia.

538 4131 749 4181 Manuserlts.
773 4126 885 4178 ans:
905 4124 978 4178 Bibl.
1004 4125 1080 4193 Nat„
1101 4139 1163 4194 903,
1189 4125 1314 4180 Graduel
1336 4127 1373 4181 de
1397 4127 1538 4196 Limoges,
1559 4125 1766 4195 xi‘sieelaA,·

506 4206 600 4275 10508,
618 4206 755 4276 Tropaire
765 4204 801 4258 de
815 4188 1038 4272 Saintdvroult,
1052 4203 1101 4257 riie
1109 4203 1202 4273 siecle,
1215 4206 1249 4260 R.
1281 4207 1495 4262 Cur-tuumne:
1523 4205 1595 4262 Bibl.
1618 4206 1654 4260 (le
1674 4206 1764 4260 l’Uni-

502 4285 615 4355 versitd,
629 4283 825 4356 Sequentiaire
838 4283 874 4338 de
888 4284 989 4352 Cerne,
1003 4301 1065 4338 vers
1082 4299 1157 4353 1400,
1179 4284 1235 4340 CB.
1267 4287 1525 4341 Wusmrnrsruaz
1548 4285 1620 4341 Bibl.
1642 4285 1678 4340 de
1698 4287 1765 4341 lab-

502 4369 583 4438 baye,
599 4367 698 4422 Missel
711 4365 747 4420 de
760 4365 851 4420 labbe
866 4363 983 4420 Nicolas
994 4365 1157 4435 Litlington‚
1171 4375 1250 4421 entre
1266 4381 1275 4419 r
1282 4368 1332 4434 362
1346 4376 1373 4422 et
1390 4367 1466 4436 1386,
1484 4367 1558 4422 WE.

540 4542 556 4580 2
570 4543 586 4580 e
617 4535 645 4581 et
658 4535 739 4580 sexta
749 4526 784 4579 R.
795 4525 851 4579 CB.
871 4525 944 4580 WE.
957 4541 1021 4580 vers
1034 4525 1106 4579 faux.

539 4623 585 4676 30
616 4607 682 4660 sacti
696 4621 819 4676 manque
832 4605 904 4659 dans
917 4605 973 4659 CB.
998 4623 1015 4660 e
1040 4621 1114 4676 quae
1126 4605 1261 4660 virtutum
1274 4605 1400 4660 culmina
1413 4606 1449 4660 A.
1464 4607 1498 4660 R.
1528 4611 1542 4660 t
1563 4606 1678 4660 nuntias
1690 4606 1765 4661 An.

502 4687 601 4742 nuntia
617 4686 690 4740 WE.

537 4771 589 4833 4h
621 4763 796 4835 prneinopia
809 4765 846 4818 Α.
879 4769 893 4818 i
923 4765 1042 4819 infantia
1057 4767 1115 4820 CB.

538 4860 582 4916 5a
615 4847 679 4900 Hac
694 4847 750 4900 CB.
782 4845 855 4901 inter
868 4847 1004 4916 opuscula
1018 4848 1055 4902 Α.
1070 4849 1104 4902 R.
1135 4863 1152 4901 e
1183 4846 1212 4901 in
1227 4847 1344 4902 saecula
1357 4847 1394 4902 Α.
1409 4847 1442 4901 R.

536 4929 587 4982 6b
617 4928 662 4983 bis
674 4927 742 4982 bina
760 4927 833 4982 WE.
865 4945 882 4983 e
912 4928 1007 4982 rutilat
1019 4929 1075 4984 CB.
1109 4929 1228 4983 rutilans
1248 4929 1320 4983 WE.
1352 4933 1374 4983 d
1408 4929 1501 4983 Natus
1515 4929 1547 4982 R.

537 5009 588 5062 81)
619 5007 737 5063 medens
749 5007 894 5065 aconitida
907 5009 944 5064 A.
976 5009 1071 5066 media
1084 5009 1210 5068 conitida
1223 5009 1256 5066 R.
1288 5026 1305 5062 c
1336 5023 1409 5088 quae
1424 5009 1518 5068 Diana
1539 5006 1656 5069 tinxerat
1678 5007 1716 5069 Α,
1728 5009 1763 5070 R.
