4116 5784
616 514 759 566 PROSAE
787 515 995 566 ECCLESIAE
1023 519 1262 574 MORINENSIS
1509 529 1580 602 343

627 705 641 773 5

406 808 444 870 ln
461 808 569 873 tribus
585 805 740 883 ecclesiis,

403 907 540 969 diversis
556 904 679 986 litigiis,

405 1004 570 1068 Martinus
587 1003 740 1086 eligitur;

406 1101 569 1178 Tandem,
586 1099 650 1163 Dei
667 1101 782 1182 gratia,

403 1198 534 1281 praesul
551 1198 584 1261 in
601 1197 750 1262 Turonia

403 1317 594 1380 repugnans
610 1295 758 1360 efficitur.

618 1414 640 1475 6

402 1517 433 1582 O
449 1491 551 1600 quam
568 1513 649 1582 felix
666 1518 784 1581 civitas

402 1616 494 1678 cuius
510 1615 592 1678 haec
608 1614 825 1694 sollemnitas,

346 1703 350 1712 ’
401 1711 550 1795 Oquam
566 1712 648 1776 felix
664 1713 793 1796 patria!

400 1808 503 1874 Cuius
518 1811 705 1891 patrocinio

400 1906 504 1989 pollet
520 1917 553 1970 et
569 1908 698 1971 auxilio

400 2005 525 2068 meritis
541 2013 575 2068 et
590 2007 707 2088 gratia.

401 2227 476 2289 Hos
491 2233 585 2288 curat
602 2135 793 2300 a7lebribus,

400 2322 474 2386 illos
490 2342 509 2384 a
524 2320 756 2396 daemonibus,

400 2428 533 2484 currunt
548 2418 724 2502 paralytici
738 2439 746 2496 ;

397 2517 495 2582 Salus
511 2517 611 2581 datur
626 2515 782 2579 omnibus

395 2616 452 2699 qui
468 2625 546 2678 sunt
562 2615 643 2678 tacti
661 2615 814 2678 manibus

396 2714 553 2796 spiritalis
570 2713 699 2777 medici.

614 2829 633 2890 8

397 2933 492 2996 Fusis
510 2933 585 2996 Deo
601 2931 764 3014 precibus,

395 3049 470 3093 cum
488 3030 643 3112 lacrymis
659 3029 812 3093 dulcibus

393 3137 541 3191 mortuos
557 3136 624 3191 tres
640 3127 778 3191 suscitat
794 3151 802 3208 ;

395 3225 461 3288 Hic
478 3226 510 3288 in
528 3245 627 3288 carne
643 3225 793 3307 positus:

392 3323 462 3386 eius
479 3342 611 3403 semper
626 3321 761 3404 spiritus

393 3420 425 3482 in
443 3419 595 3502 supernis
610 3418 749 3482 habitat.

1034 809 1140 875 Veste
1155 812 1236 876 data
1252 817 1401 897 pauperi,

1035 919 1150 990 empto
1166 931 1279 993 panno
1294 915 1405 991 veteri,

1036 1026 1071 1070 se
1089 1008 1255 1072 Martinus
1271 1010 1401 1092 induit;

1041 1105 1131 1168 Dum
1149 1117 1257 1170 sacrat
1274 1111 1433 1191 mysteria

1037 1202 1189 1267 Christus
1206 1207 1296 1269 nuda
1313 1209 1448 1273 brachia

1032 1300 1171 1365 caelitus
1187 1306 1325 1386 operuit.

1242 1436 1281 1482 10

1033 1519 1161 1585 Omnes
1178 1522 1272 1605 sugat
1289 1523 1450 1605 haereses,

1032 1617 1172 1682 visitans
1183 1621 1333 1684 dioceses

1031 1714 1090 1779 dat
1106 1735 1221 1797 pacem
1239 1717 1409 1798 ecclesiis;

1032 1812 1119 1876 Mox
1135 1833 1293 1878 accensus
1310 1815 1465 1894 febribus,

1031 1909 1141 1973 iacens
1158 1911 1190 1974 in
1207 1912 1382 1991 cineribus,

1031 2006 1167 2072 indutus
1182 2008 1305 2086 ciliciis,

1237 2137 1271 2184 11

1030 2223 1146 2288 Oculis
1163 2243 1201 2286 ac
1219 2225 1374 2289 manibus

1028 2329 1131 2403 atque
1146 2321 1226 2384 totis
1243 2321 1368 2385 viribus

1029 2418 1061 2482 in
1078 2419 1207 2482 caelum
1224 2419 1382 2501 erigitur;

1027 2515 1133 2580 Satan
1146 2526 1259 2599 torpet
1273 2517 1353 2595 otio,

1027 2634 1104 2678 nam
1121 2614 1281 2678 Abrahae
1296 2615 1425 2699 gremio

1028 2713 1193 2777 Martinus
1209 2715 1383 2796 excipitur.

1163 2887 1166 2892 .
1237 2845 1273 2891 12

1025 2933 1085 3010 Te,
1102 2932 1257 3010 Martine,
1274 2933 1419 3014 petimus
1433 2955 1440 3012 ;

1023 3029 1114 3111 quod
1131 3031 1157 3092 si
1174 3031 1270 3112 petis,
1285 3029 1408 3093 ibimus

1024 3127 1066 3190 ad
1083 3126 1165 3190 caeli
1182 3127 1328 3210 palatia;

1024 3225 1116 3308 Ergo
1132 3225 1197 3289 tuis
1216 3225 1369 3307 precibus

1025 3323 1122 3386 detur
1139 3323 1235 3387 nobis
1251 3323 1407 3386 omnibus

1023 3429 1237 3502 peccatorum
1254 3422 1360 3486 venia.

344 3586 359 3626 2
372 3577 394 3628 b
423 3570 507 3627 alitus
520 3571 674 3641 Morinen,
686 3571 737 3626 fait
747 3588 785 3626 un
798 3587 861 3626 vers
873 3569 947 3627 faux.

475 3817 556 3905 236.
587 3811 665 3884 AD
694 3811 946 3885 VINCVLA
973 3811 1178 3886 SANCTI
1213 3811 1395 3886 PETRI.
1510 3871 1513 3876 .

613 3998 625 4044 1
1166 4037 1168 4042 -
1241 3997 1258 4060 3

395 4099 470 4162 Deo
485 4101 583 4164 detur
599 4099 671 4163 laus
687 4110 824 4164 aeterna
939 4100 991 4163 En
1007 4099 1146 4182 angelus
1163 4102 1267 4179 adest,
1285 4101 1349 4163 Dei
1366 4100 1512 4178 nuntius,

351 4195 383 4257 in
400 4193 627 4259 sollemnitate
643 4196 813 4274 hodierna,
940 4196 1074 4259 Petrum
1090 4197 1233 4273 solvens,
1248 4217 1347 4280 quem
1365 4195 1485 4280 ligarat
1506 4196 1566 4260 im-

395 4289 434 4353 In
451 4311 518 4374 qua
535 4291 652 4355 Petrus
670 4312 689 4354 a
706 4293 833 4355 catenis
1470 4292 1545 4373 pius
1560 4313 1568 4370 ;

351 4394 403 4450 est
418 4385 577 4450 liberatus
593 4395 662 4450 eta
677 4387 804 4470 poenis.
977 4387 1174 4452 dormientis
1190 4408 1347 4470 percusso
1362 4387 1466 4450 latere

979 4484 1068 4546 dixit
1084 4483 1114 4546 ei
1130 4508 1137 4548 :
1152 4484 1320 4548 “Festina
1336 4503 1470 4566 surgere
1479 4483 1496 4510 ”

304 4714 384 4777 Rex
402 4711 556 4774 Herodes
573 4711 734 4778 Iacobum
747 4713 914 4778 occiderat
938 4719 976 4778 In
992 4736 1123 4780 carcere
1139 4717 1348 4782 subintrante
1363 4717 1485 4800 angelo

391 4816 427 4869 ut
444 4807 591 4889 placeret
609 4809 743 4874 ludaeis
935 4812 995 4876 lux
1012 4812 1135 4876 effulsit
1152 4815 1184 4877 in
1201 4816 1341 4878 carceris
1357 4815 1492 4898 angulo,

302 4902 576 4984 Apostolumque
589 4904 722 4970 Petrum
734 4906 895 4988 ligaverat
976 4909 1120 4991 apostoli
1137 4911 1331 4994 dirumpens
1348 4913 1480 4976 vincula

392 5001 425 5064 in
442 4999 569 5063 catenis
584 5001 704 5068 serreis.
979 5006 1564 5094 etportarum[frangens]obstacula.

611 4563 629 4608 2
