4096 5794
636 521 778 574 PROSAB
806 524 1010 576 ECCLESIAE
1039 523 1286 575 EBROICENSIS
1517 525 1589 597 509

633 717 655 778 9

375 813 489 878 Sancti
507 811 570 875 Dei
587 813 775 876 cruciantur

374 916 407 969 et
423 906 553 968 diversa
569 904 738 968 variantur

416 1009 659 1066 tormentorum
676 1022 809 1084 genera,

375 1097 482 1164 Simul
499 1099 600 1162 ambo
616 1098 835 1180 gratulantur,

373 1195 470 1260 simul
488 1195 589 1259 ambo
606 1195 823 1273 decollantur,

416 1292 514 1355 simul
532 1293 697 1357 scandunt
713 1292 856 1356 aethera.

628 1422 667 1469 10

378 1517 432 1583 Sic
449 1517 481 1579 in
500 1515 564 1579 lide
581 1527 814 1599 permanentes

377 1626 409 1677 et
425 1613 556 1676 immoti
574 1614 787 1696 persistentes

419 1709 507 1792 passi
524 1717 602 1772 sunt
619 1709 813 1790 martyrium
832 1732 839 1786 ;

380 1804 467 1883 11103,
484 1803 609 1882 fratres,
625 1825 819 1868 veneremur

377 1910 409 1966 et
425 1920 539 1964 eorum
555 1901 772 1982 deprecemur

419 1996 531 2061 devoti
548 1994 752 2079 suffragium.

1260 718 1293 764 11

1004 815 1104 897 Ergo,
1122 813 1263 890 Christe,
1280 833 1339 895 per
1355 813 1502 878 laborem

1005 927 1103 988 quem
1121 915 1199 970 sunt
1215 906 1305 988 passi
1322 927 1381 988 per
1397 926 1545 970 amorem

1048 1003 1112 1066 Tui
1129 1003 1235 1066 sancti
1253 1004 1408 1081 nominis,

1004 1099 1098 1164 Tuae
1115 1121 1253 1182 regnum
1271 1101 1406 1183 pietatis

1004 1197 1099 1259 nobis
1116 1197 1239 1276 confer,
1254 1199 1445 1262 emundatis

1048 1293 1140 1356 omni
1158 1314 1248 1357 noxa
1265 1295 1420 1360 criminis.

1261 1425 1297 1470 12

1006 1519 1060 1581 Da
1077 1527 1152 1600 post
1170 1528 1311 1582 mortem
1330 1519 1536 1600 corporalem

1005 1615 1108 1678 vitam
1127 1615 1222 1678 nobis
1239 1615 1441 1680 aeternalem

1050 1711 1083 1773 in
1101 1710 1235 1773 caelesti
1252 1711 1346 1789 solio,

1007 1806 1055 1871 Ut
1072 1826 1148 1869 cum
1165 1808 1290 1870 sanctis
1306 1806 1514 1889 perfruamur

1006 1921 1147 1984 quorum
1164 1923 1264 1984 opem
1280 1903 1500 1984 deprecamur

1053 1997 1248 2078 angelorum
1265 2000 1398 2080 gaudio

370 2155 564 2205 Manuserlt.
588 2134 740 2204 Evnaux:
764 2151 863 2206 Musee
878 2151 914 2206 de
926 2153 954 2206 la
967 2151 1050 2220 Ville,
1063 2167 1107 2221 99,
1123 2154 1222 2207 Missel
1233 2137 1383 2222 d'lfivreux,
1396 2154 1495 2223 (ayant
1504 2164 1596 2210 autre·

334 2229 387 2284 sois
400 2239 559 2299 appartenu
573 2229 591 2282 a
604 2230 696 2284 Raoul
707 2230 744 2284 du
759 2231 781 2283 F
784 2229 840 2298 ou),
854 2237 900 2284 xv‘
911 2229 1005 2299 siecle,
1018 2231 1046 2284 F.
1054 2233 1082 2284 V.

356 2374 383 2413 11
400 2365 421 2414 b
452 2376 502 2430 per
514 2375 641 2414 amorem
654 2375 779 2429 manque
792 2359 864 2414 dans
880 2361 906 2412 E
913 2359 940 2414 V.
954 2361 1097 2414 Ebroicen.

464 2592 546 2680 365.
581 2585 638 2658 ΙΝ
671 2585 1121 2660 TRANSLATIONE
1152 2585 1191 2660 S.
1216 2585 1478 2659 MARTlNl.

644 2783 656 2828 1

425 2878 552 2955 Gaude,
567 2897 702 2959 gemma
719 2877 918 2960 praesulum,

424 2977 542 3058 gaude,
559 2975 674 3038 mundi
691 2974 874 3057 speculum,

423 3071 566 3136 dulcedo
582 3069 741 3148 fidelium,

425 3167 552 3244 Gaude,
567 3165 700 3230 calcans
717 3165 898 3244 saeculum,

424 3265 544 3346 gaude,
560 3261 694 3326 Christo
710 3261 863 3325 sedulum

425 3357 589 3421 exhibens
605 3358 811 3440 obsequium.

645 3480 662 3524 2

429 3570 616 3651 Imperator
631 3570 768 3650 gratiae,

428 3665 528 3728 velox
544 3665 641 3727 dator
656 3665 781 3740 veniae,

428 3759 597 3824 desolatos
613 3759 761 3836 visitans,

429 3855 535 3921 Stella
551 3854 682 3936 fulgens
697 3854 832 3937 gloriae,

429 3955 603 4038 exemplar
619 3955 826 4032 clementiae,

431 4064 497 4118 tres
513 4052 690 4116 defunctos
707 4051 871 4115 suscitans
888 4073 895 4130 ;

1273 2783 1290 2845 3

1056 2877 1086 2942 O
1105 2879 1261 2956 Martine,
1278 2879 1406 2941 medice

1056 2975 1224 3056 spiritalis,
1241 2975 1334 3037 abice

1054 3082 1165 3154 pestes
1181 3091 1298 3154 graves
1314 3072 1475 3146 cordium,

1058 3165 1185 3232 Hostes
1201 3187 1298 3250 prece
1314 3167 1428 3245 deiice,

1055 3271 1157 3345 atque
1173 3271 1249 3326 tuos
1265 3263 1402 3345 respice,

1056 3359 1144 3421 bone
1160 3366 1275 3439 pastor
1291 3357 1412 3422 ovium.

1273 3482 1296 3542 4

1057 3569 1109 3632 Tu
1126 3589 1161 3632 es
1179 3569 1259 3637 lima
1274 3567 1447 3646 scelerum,

1057 3672 1265 3728 sustentator
1281 3683 1465 3746 pauperum

1059 3758 1185 3840 pietate
1202 3759 1314 3836 nimia,

1062 3854 1114 3916 De
1130 3874 1196 3935 qua
1212 3855 1314 3917 vestis
1332 3856 1488 3918 miserum

1060 3953 1230 4019 Christum
1247 3957 1333 4038 tegis
1350 3959 1468 4021 iterum

1063 4049 1242 4132 chlamyde
1261 4051 1409 4117 dimidia.

751 4259 846 4322 Pium
864 4267 914 4322 est
931 4277 992 4321 nos
1008 4257 1172 4335 cantibus,

750 4354 843 4436 pium
860 4361 911 4418 est
927 4362 961 4417 et
977 4352 1110 4416 fletibus

750 4469 812 4514 nos
830 4448 978 4514 Martino
995 4447 1146 4531 obsequi,

753 4545 815 4608 Est
831 4543 884 4608 hic
902 4563 1029 4627 pauper
1044 4543 1188 4625 opibus:

752 4641 830 4703 hinc
846 4659 922 4702 cum
939 4638 1023 4703 caeli
1039 4639 1167 4702 civibus

754 4755 835 4818 opes
852 4736 977 4816 gaudet
994 4733 1136 4816 assequi.

384 4895 577 4946 Manuscrtt.
601 4873 752 4944 Evnaux:
773 4889 874 4943 Musee
887 4889 961 4943 dela
972 4887 1055 4956 Ville,
1071 4885 1170 4941 Missel
1184 4870 1334 4958 d'Evreux,
1345 4889 1442 4960 (ayant
1455 4899 1612 4963 appartenu

349 4971 483 5028 autrefois
496 4973 513 5026 a
527 4973 619 5026 Raoul
632 4971 670 5026 du
684 4973 707 5025 F
709 4971 766 5042 ou),
780 4975 826 5025 xv‘
835 4969 929 5039 siecle,
944 4970 972 5022 E
979 4971 1006 5024 V.
