4094 5796
652 520 792 573 PROSAE
819 523 1022 580 ECCLESIAE
1050 529 1269 582 VCECIENSIS
1541 541 1581 611 17

403 712 433 790 7.
466 691 539 768 DE
570 693 609 771 S.
630 695 892 789 FIRMINO,
925 705 1196 782 EPISCOPO
1225 708 1505 791 VTlCENSl.

631 886 641 932 Ι

499 998 640 1062 Firmini
658 999 797 1064 firmitas

498 1092 591 1157 firma
609 1094 776 1158 miraculis

500 1199 532 1252 et
549 1191 638 1254 vitae
654 1191 787 1255 claritas

497 1285 657 1350 clarescat
674 1287 816 1368 populis,

496 1381 588 1444 cuius
606 1383 638 1444 in
655 1382 796 1446 saeculis

496 1476 585 1558 viget
602 1479 783 1541 auctoritas

561 1569 713 1652 gloriosa.

496 1657 580 1721 Aret
596 1657 767 1740 gentilitas

496 1753 653 1836 baptismi
671 1753 794 1832 rivulis,

493 1849 632 1912 Firmini
650 1850 776 1913 ruditas

495 1945 667 2008 doctrinae
687 1945 814 2027 poculis

496 2059 556 2122 par
573 2039 609 2104 fit
625 2040 797 2123 discipulis

495 2136 601 2199 sancti
618 2137 798 2199 strenuitas

558 2251 729 2313 generosa.

623 2377 640 2423 2

387 2489 473 2552 Cum
490 2488 657 2571 leprosum
674 2488 852 2564 osculatur,

387 2583 476 2667 lepra
495 2583 587 2666 sugit,
604 2584 782 2646 innovatur

430 2681 516 2744 cutis
531 2680 669 2744 horrens
685 2680 809 2745 osculo.

389 2775 527 2840 Morbus
543 2785 637 2840 vaste
653 2777 856 2854 devastatur,

388 2891 504 2934 caecus
521 2873 621 2948 videt,
637 2881 671 2935 et
687 2870 822 2952 sugatur

431 2967 575 3030 daemon
595 2968 716 3032 mentis
733 2966 879 3030 modulo.

629 3114 645 3175 3

411 3231 522 3296 Voces
536 3233 630 3296 audit
646 3231 852 3314 angelorum,

409 3329 504 3410 quasi
521 3328 601 3392 civis
615 3347 835 3410 supernorum

455 3427 497 3488 sit
516 3426 683 3490 Firminus
699 3425 831 3488 civium.

412 3521 596 3599 Ferreolus,
617 3541 754 3585 consors
770 3521 854 3602 pius,

412 3620 488 3699 pedi
505 3620 625 3702 pedem
643 3619 757 3682 iuncto
774 3619 874 3700 prius,

455 3719 544 3782 idem
561 3719 656 3782 audit
672 3718 843 3800 gaudium.

627 3884 649 3943 4

586 3993 668 4056 Fani

488 4169 491 4175 Ι
563 4087 693 4172 prosani

432 4183 512 4246 dum
530 4183 657 4246 cultum
673 4183 825 4258 devovet,

571 4289 699 4342 mentes

550 4373 724 4438 dementes

434 4479 550 4534 contra
565 4489 600 4532 se
613 4478 803 4532 commovet
820 4490 826 4544 ;

585 4565 685 4629 Genti

575 4660 694 4724 furenti

458 4757 517 4820 dat
530 4755 618 4818 vitae
635 4755 791 4836 poculum

1197 893 1339 966 gratum,

1174 979 1342 1060 ingratum

1086 1095 1168 1156 gens
1183 1075 1253 1137 sera
1269 1075 1433 1146 baculum.

1254 1221 1268 1284 5

970 1321 1062 1384 Dum
1080 1321 1236 1384 diabolici
1254 1341 1347 1384 mens
1364 1323 1442 1388 furit
1462 1328 1584 1406 rustici,
1686 1349 1692 1362 ·

968 1415 1052 1500 lapis
1069 1437 1136 1480 non
1154 1417 1264 1499 potuit
1280 1438 1300 1480 a
1317 1439 1417 1484 manu
1434 1423 1548 1504 proici,

1151 1533 1211 1576 nec
1228 1512 1370 1578 laxatur.

960 1608 1080 1671 Visum
1099 1609 1295 1672 miraculum
1313 1621 1474 1693 perterret
1500 1636 1558 1698 po-

1390 1707 1530 1788 [pulum,

975 1807 1008 1862 et
1026 1799 1118 1882 genti
1135 1797 1282 1882 perfidae
1298 1798 1374 1863 lidei
1392 1805 1549 1885 poculum

1151 1895 1367 1961 ministratur.

1258 2026 1279 2086 6

1000 2136 1079 2199 Post
1097 2136 1264 2198 Firminus
1280 2135 1515 2217 transfretavit,

997 2243 1031 2298 et
1048 2235 1178 2317 puellae
1192 2235 1345 2299 liberavit

1061 2351 1182 2414 corpus
1198 2353 1218 2394 a
1234 2332 1422 2397 daemonio

999 2428 1139 2492 Factum
1157 2428 1217 2490 viri
1234 2437 1303 2491 tam
1317 2433 1522 2511 praeclarum

996 2523 1125 2585 cunctis
1143 2523 1227 2586 miro
1244 2522 1475 2588 columnarum

1062 2628 1155 2700 patet
1180 2619 1384 2684 testimonio

1259 2757 1277 2820 7

999 2853 1026 2915 F
1028 2873 1084 2915 era
1102 2855 1206 2916 nescit
1224 2853 1399 2931 feritatem,

997 2949 1103 3011 sancti
1121 2951 1222 3012 sentit
1238 2952 1462 3028 sanctitatem,

1039 3063 1171 3106 sacrum
1190 3044 1298 3107 ferens
1314 3046 1468 3108 cinerem.

997 3138 1127 3221 Corpus
1144 3149 1251 3204 terrae
1267 3142 1532 3216 commendatur,

996 3236 1055 3298 sed
1068 3237 1204 3317 spiritus
1220 3236 1368 3299 elevatur

1041 3352 1209 3394 summum
1224 3353 1323 3414 super
1339 3331 1517 3394 aetherem.

1261 3457 1279 3516 8

1021 3566 1213 3629 Intercedat
1228 3587 1308 3647 ergo
1322 3566 1429 3628 bonus

1019 3669 1133 3742 pastor
1149 3671 1262 3724 noster
1278 3672 1310 3724 et
1332 3670 1494 3742 patronus

1064 3778 1124 3839 pro
1141 3757 1238 3820 nobis
1250 3757 1293 3820 ad
1312 3757 1506 3819 Dominum.

1022 3852 1089 3935 Qui
1105 3872 1249 3934 superna
1265 3873 1384 3934 regnas
1401 3873 1475 3916 arce

1018 3968 1115 4030 prece
1132 3958 1190 4011 tua
1207 3949 1302 4012 nobis
1319 3969 1394 4011 arce

1062 4055 1295 4125 suggestorem
1317 4043 1503 4108 criminum.

1020 4276 1086 4338 Fac
1100 4285 1136 4339 ut
1154 4276 1249 4339 nobis
1266 4275 1517 4338 condescendat

1016 4373 1142 4437 Christi
1156 4373 1274 4448 Mater,
1290 4381 1324 4436 et
1334 4371 1495 4436 defendat

1064 4469 1157 4531 Deus
1173 4469 1391 4531 exercituum.

1022 4564 1218 4628 Habeamus
1236 4574 1268 4627 te
1282 4573 1460 4646 pastorem,

1021 4659 1204 4722 sentiamus
1222 4659 1421 4734 adiutorem,

1065 4775 1153 4818 nunc
1169 4764 1203 4817 et
1221 4755 1253 4816 in
1268 4763 1477 4837 perpetuum.

361 4897 375 4949 7
389 4901 406 4938 c
436 4901 536 4939 verens
550 4883 679 4952 Ucecien,
694 4884 910 4953 probablement
925 4900 979 4936 une
999 4883 1075 4937 faute
1090 4882 1287 4952 d’impression
1302 4900 1372 4952 pour
1386 4882 1486 4936 serens.
1507 4882 1588 4934 Certe

327 4963 419 5032 Prose,
432 4981 510 5018 assez
523 4963 642 5016 obscure
664 4980 715 5032 par
728 4963 863 5031 endroits,
876 4979 948 5016 nous
962 4963 1070 5016 semble
1084 4973 1194 5017 surtout
1218 4963 1322 5016 alte'rde
1346 4981 1380 5016 au
1397 4979 1460 5015 vers
1477 4973 1489 5030 5
1511 4960 1546 5013 de
1561 4960 1586 5012 la

327 5042 468 5098 troisieme
481 5042 604 5112 strophe.
620 5044 682 5109 Que
693 5042 803 5111 signino
816 5061 851 5097 en
866 5043 931 5097 effer
945 5041 960 5068 “
975 5041 1039 5112 pedi
1054 5043 1156 5112 pedem
1170 5042 1266 5096 iuncto
1278 5042 1354 5112 prius
1368 5043 1402 5094 ³?

414 5146 433 5192 B
1523 5145 1540 5188 2
