4094 5796
485 517 533 588 30
744 524 885 574 l'ROSAE
915 527 1116 578 ECCLESIAE
1145 532 1486 584 MAGDEBVRGENSIS

791 720 842 786 19.
869 697 943 769 na
974 699 1199 776 saucio
1231 703 1440 778 murno

784 909 794 952 l

526 1022 689 1087 Sollemni
707 1046 765 1086 vos
783 1027 911 1090 induite

526 1117 613 1182 filiae
631 1119 712 1184 Sion
730 1122 923 1205 chlamyde:

526 1215 642 1278 Induit
659 1217 779 1280 stolam
797 1219 924 1299 gloriae

523 1321 649 1392 martyr
667 1312 806 1375 Livinus
822 1313 932 1377 hodie.

774 1481 791 1526 2

522 1609 598 1670 Iure
613 1611 708 1671 terris
724 1619 901 1673 veneratur

522 1704 617 1766 caelo
633 1704 756 1786 dignus
772 1706 829 1786 qui
846 1706 1008 1786 probatur

565 1801 624 1863 tali
642 1801 836 1882 privilegio:

522 1895 669 1960 Caelesti
686 1895 847 1959 alimonia

521 1993 667 2054 donatur
684 2003 791 2056 mater
806 1995 945 2075 gravida

566 2088 702 2170 spiritus
719 2088 837 2153 officio.

780 2257 796 2317 3

524 2387 562 2449 In
581 2387 688 2450 lucem
706 2397 803 2468 partu
820 2386 922 2464 editu,

521 2482 571 2545 sol
589 2503 696 2546 novae
713 2483 795 2545 lucis
813 2483 905 2546 radio

566 2580 728 2641 mundum
747 2579 853 2659 replet
868 2579 1001 2660 gaudio.

527 2675 659 2738 Dextra
676 2677 787 2758 signat
806 2677 872 2738 iarn
890 2685 1053 2754 renatum,

521 2781 555 2834 et
571 2773 687 2834 divina
703 2792 772 2834 vox
790 2773 927 2835 beatum

566 2870 737 2951 praedicat
751 2871 884 2934 indicio.

771 3033 804 3103 Ι4

524 3150 617 3213 Dant
633 3171 736 3233 puero
753 3153 932 3234 praeconia

521 3266 619 3328 prece
636 3247 732 3328 pulsa
745 3247 934 3324 daemonia,

565 3343 681 3405 nutrix
699 3343 788 3405 vitae
805 3344 946 3406 reddita.

523 3438 605 3500 Dux
622 3447 655 3500 et
671 3459 784 3500 comes
797 3439 822 3502 it
838 3439 987 3520 angelus

521 3544 644 3616 pontus
662 3535 778 3596 minax
795 3535 831 3596 lit
849 3534 995 3612 floridus,

564 3639 597 3692 et
613 3631 755 3711 abyssus
772 3632 894 3712 pervia.

781 3791 795 3856 5

522 3915 553 3980 O
570 3913 651 3976 felix
668 3913 891 3976 sacerdotium

519 4011 613 4072 cuius
629 4018 772 4072 testatur
789 4010 943 4071 meritum

567 4105 689 4168 Divina
701 4105 876 4167 sententia.

1154 897 1266 980 Lepra
1283 899 1395 963 iuncta
1412 901 1559 983 paralysi

1155 995 1293 1058 intranti
1310 997 1399 1059 cedit
1415 997 1560 1078 praesuli

1196 1089 1290 1151 cuius
1306 1111 1420 1154 comes
1436 1093 1552 1174 gratia.

1407 1225 1428 1285 6

1155 1361 1275 1424 Sacros
1293 1362 1395 1442 pedes
1408 1371 1586 1425 veneratur

1152 1475 1251 1532 mare,
1270 1466 1372 1520 nauta
1388 1468 1585 1540 reportatur,

1154 1611 1157 1618 .
1193 1555 1319 1635 gaudet
1335 1576 1453 1618 caecus
1470 1557 1619 1636 lumine;

1153 1651 1232 1714 Post
1245 1650 1407 1732 plectrum
1419 1653 1553 1734 linguae
1570 1653 1737 1736 perditum

1154 1745 1290 1827 linguae
1307 1759 1421 1811 manet
1437 1747 1593 1826 officium,

1197 1853 1304 1907 tortor
1321 1845 1407 1926 perit
1424 1845 1569 1908 fulmine.

1410 1995 1428 2058 7

1155 2112 1264 2196 Super
1281 2114 1408 2175 orantis
1425 2113 1581 2176 verticem

1158 2207 1313 2271 columba
1329 2207 1434 2271 stillat
1451 2209 1662 2290 sanguinem,

1200 2313 1341 2368 mortem
1359 2305 1497 2385 signans
1512 2305 1684 2385 sanguine.

1154 2399 1305 2464 Christus
1322 2400 1435 2462 adstat
1451 2409 1484 2461 et
1501 2399 1636 2477 solatur,

1151 2505 1258 2559 tortor
1275 2497 1387 2572 instat,
1403 2507 1437 2558 et
1454 2505 1628 2572 mactatur,

1195 2591 1297 2654 vitam
1311 2601 1429 2654 nactus
1445 2592 1618 2674 sanguine.

1407 2731 1425 2788 8

1156 2863 1245 2927 Hinc
1262 2883 1338 2926 cum
1356 2864 1481 2926 victrici
1500 2863 1611 2926 laurea

1154 2961 1258 3024 intras
1274 2961 1425 3043 gaudens
1442 2960 1606 3036 aetherea,

1158 3057 1269 3134 Unde,
1284 3077 1416 3119 summa
1432 3055 1569 3132 laetitia,

1152 3153 1213 3216 tibi
1230 3151 1362 3234 plaudit
1380 3151 1539 3216 Ecclesia.

1408 3316 1429 3376 9

1152 3437 1218 3501 Sed
1237 3435 1368 3516 plaudit
1384 3435 1561 3515 specialius

1149 3533 1248 3596 laude
1264 3529 1371 3593 clerus
1388 3541 1421 3591 et
1438 3529 1593 3611 populus,

1149 3629 1258 3712 Quem
1273 3626 1432 3708 singulari
1447 3626 1554 3707 gratia

1154 3735 1211 3788 tua
1228 3724 1318 3786 fovet
1335 3721 1536 3804 praesentia.

1397 3885 1435 3931 10

1148 4007 1343 4071 Communis
1360 4017 1410 4068 est
1428 4005 1565 4082 laetitia,

1150 4103 1338 4166 communis
1355 4103 1397 4164 sit
1415 4111 1447 4163 et
1464 4101 1581 4183 gratia.

513 4295 563 4344 zb
594 4290 665 4344 caeli
690 4295 741 4356 4d
773 4289 802 4342 id
827 4295 878 4356 ob
908 4290 1001 4358 gaude
1012 4290 1244 4360 Magdeburgen„
1260 4289 1405 4356 148o;ces
1415 4289 1506 4344 saules
1517 4296 1581 4344 sont
1594 4285 1737 4359 corrigees

478 4371 549 4428 dans
562 4369 687 4424 l'edition
702 4370 737 4423 de
754 4383 827 4438 1497.
