4102 5792
474 495 548 582 476
631 511 773 562 suosne
799 509 1004 562 uccnssrns
1032 505 1590 560 scouusm1counnumsus1s

781 699 797 770 3
1411 699 1431 764 7

651 801 799 868 Cerealis
1151 799 1236 876 Ave,
1252 798 1383 882 praesul
1400 797 1554 882 gloriose,

652 917 747 975 uxor,
763 897 860 962 malis
1155 915 1225 972 ave,
1241 903 1356 978 pastor
1371 915 1542 978 generose,

653 991 823 1074 fatigatur,
1154 991 1332 1074 Cypriane,
1348 989 1508 1055 melliflua

654 1089 712 1152 sed
729 1099 867 1152 sanatur
1155 1087 1298 1150 lundens
1314 1085 1410 1150 nobis
1426 1085 1559 1169 eloquia
1574 1108 1582 1166 ;

567 1202 674 1269 papae
689 1203 749 1266 per
763 1182 922 1267 suffragia
937 1206 945 1263 ;
1154 1185 1206 1249 Tu
1226 1194 1370 1249 rectores
1386 1193 1420 1248 et
1435 1185 1591 1248 doctores

655 1279 752 1362 Quae
767 1280 847 1344 dum
864 1280 970 1346 credit
1156 1279 1352 1344 instruendo
1369 1291 1519 1344 monstra
1536 1280 1654 1345 flores:

656 1384 690 1438 et
705 1373 830 1452 obedit,
1157 1375 1240 1439 rosis
1256 1395 1323 1439 non
1339 1375 1462 1439 desunt
1479 1375 1557 1454 lilia,

656 1469 845 1552 baptizatur
1157 1471 1322 1536 castitatis
1339 1471 1490 1553 insignia.

656 1585 696 1630 ae
712 1575 855 1630 testatur
1421 1575 1440 1635 8

571 1661 741 1725 Christum
758 1662 995 1745 superomnia·
1158 1669 1190 1736 Ο
1207 1670 1377 1753 praeclara
1394 1671 1536 1734 societas

788 1817 810 1878 6
1159 1767 1192 1828 in
1209 1785 1275 1848 qua
1292 1775 1409 1848 regnat
1425 1766 1596 1843 sobrietas,

1289 1859 1375 1925 ferro
1391 1881 1497 1940 caesa,

529 1951 561 2018 Ο
579 1951 722 2030 Corneli,
737 1961 773 2016 tu
791 1951 952 2029 levamen,
1292 1957 1350 2020 sed
1372 1957 1485 2020 illaesa

530 2056 626 2131 pater
641 2045 705 2130 pie,
720 2057 753 2111 et
769 2046 930 2125 solamen,
1207 2061 1321 2116 manet
1336 2051 1506 2136 patientia.

575 2143 708 2206 intuens
724 2141 855 2225 fragilia
871 2164 879 2222 ;
1161 2149 1234 2214 Vos
1250 2147 1381 2230 patroni
1398 2166 1595 2212 veneramur

531 2239 605 2303 Nos
620 2236 772 2316 defende,
787 2257 849 2302 nos
865 2239 1000 2316 exaudi,
1162 2254 1199 2309 ut
1214 2243 1320 2308 audiri
1338 2263 1532 2316 mereamur,

532 2333 629 2418 placa
645 2344 773 2411 ventos,
790 2353 881 2398 mare
897 2333 963 2398 leni
1164 2351 1198 2402 et
1214 2339 1247 2402 in
1264 2337 1358 2401 caelo
1375 2337 1583 2420 perfruamur

576 2429 830 2512 comprimendo
845 2431 935 2494 vitia.
1208 2426 1345 2509 perenni
1362 2425 1496 2490 laetitia.

905 2621 1018 2684 Amen
1034 2533 1148 2685 dicaitt
1165 2619 1287 2683 omnia.

528 2793 737 2844 Manuscrlts.
761 2789 856 2843 Pnnrs
870 2806 876 2843 :
897 2788 969 2843 Bibl.
985 2789 1061 2858 Nat,
1076 2788 1167 2856 16823,
1178 2787 1278 2842 Missel
1289 2787 1324 2843 de
1335 2787 1581 2859 Saint·Comeille‚
1592 2787 1753 2859 xiii⁸siecle,

494 2867 541 2931 O,·
574 2867 833 2938 17318,ldem,P,·
866 2867 1125 2938 17319,ldem.Q‚·
1155 2881 1249 2935 17321,
1273 2867 1363 2937 Idem,
1376 2867 1420 2931 R:
1455 2882 1548 2938 17329,
1571 2869 1695 2925 Graduel
1717 2867 1754 2924 de

495 2947 743 3016 Saint-Corneille,
756 2947 816 3002 xiiie
824 2947 918 3016 siecle,
932 2949 957 3002 S
960 2967 976 3014 ,·
1009 2947 1103 3017 16828,
1119 2947 1208 3016 Idem,
1226 2947 1255 3002 T.

529 3088 580 3140 45
610 3073 786 3144 proferentes
802 3073 835 3128 O.

531 3165 579 3223 §a
611 3153 722 3208 Cereali
738 3153 770 3221 Q.

529 3233 610 3287 6ab
642 3233 807 3301 OCorneli,
820 3241 902 3302 pater
914 3232 969 3303 pie,
982 3243 1012 3287 tu
1023 3233 1153 3286 levamen
1166 3242 1194 3286 et
1208 3231 1346 3301 solamen,
1360 3231 1392 3287 O.
1404 3232 1438 3286 P.
1451 3231 1483 3302 Q.
1492 3231 1527 3286 R.
1537 3233 1567 3287 S.
1582 3231 1612 3285 Τ.
1646 3231 1757 3301 Malgre

494 3311 616 3367 l’accord
630 3312 666 3366 de
679 3321 743 3366 tous
757 3329 810 3367 nos
824 3321 923 3380 textos,
936 3329 1008 3366 nous
1022 3328 1143 3381 croyons
1156 3329 1210 3382 que
1224 3312 1251 3366 la
1264 3312 1333 3366 rime
1352 3313 1433 3381 exige
1444 3309 1648 3367 l'interversion
1661 3311 1697 3366 de
1710 3328 1759 3366 ces

496 3402 580 3462 mots,
593 3401 621 3445 et
635 3407 708 3445 nous
721 3392 748 3444 la
761 3391 876 3446 iaisons.

533 3485 583 3539 73
615 3470 639 3524 si
652 3471 755 3526 desunt
771 3470 802 3539 Q.

460 3563 463 3569 ‘
534 3551 583 3616 83
614 3559 642 3604 et
655 3548 745 3603 audiri
764 3549 794 3602 Τ.

698 3807 700 3811 .
739 3740 821 3809 340.
855 3715 930 3790 DE
961 3715 1185 3791 SANCTO
1214 3717 1520 3794 CORNELIO.

524 3911 547 3956 1.
573 3893 757 3958 Iubilemus
773 3903 909 3958 aeterno
927 3894 1013 3976 Regi
1029 3913 1111 3956 voce
1127 3895 1399 3976 praeclarissima,

523 4041 549 4088 2.
575 4023 620 4086 Et
637 4023 750 4087 debita
767 4023 944 4106 praeconia
961 4025 1110 4087 recinant
1126 4021 1235 4086 cordis
1251 4021 1378 4100 intima,

523 4136 550 4199 3.
574 4119 716 4202 Semper
731 4139 818 4202 quae
835 4129 973 4183 manent
990 4120 1079 4202 iugia
1095 4127 1192 4183 erunt
1208 4137 1298 4181 nunc
1314 4129 1347 4182 et
1364 4119 1395 4180 in
1414 4118 1554 4182 saecula.

520 4271 550 4332 4.
574 4249 663 4334 Quia
678 4251 774 4315 decet
790 4271 921 4314 sumina
938 4251 1009 4314 laus
1028 4251 1124 4326 Eum,
1140 4249 1253 4324 virtus,
1268 4247 1376 4311 honor
1397 4259 1430 4311 et
1445 4248 1560 4329 gloria,

526 4362 551 4428 5.
577 4347 643 4430 Qui
660 4347 784 4411 sanctis
801 4356 971 4410 aeternam
990 4346 1150 4410 militibus
1166 4344 1281 4408 tribuit
1298 4343 1470 4420 laetitiam,

523 4482 553 4544 6.
578 4479 739 4544 Labentis
755 4499 839 4562 quos
857 4479 1006 4562 nequivit
1022 4479 1183 4561 temporis
1199 4477 1331 4541 vincere
1348 4477 1483 4554 malitia,

524 4591 553 4655 7.
579 4575 649 4640 Nec
666 4585 803 4658 potuere
820 4575 887 4638 ulla
903 4584 1025 4639 terrere
1041 4573 1163 4638 saeculi
1179 4574 1332 4637 convitia.

525 4707 552 4767 8.
579 4703 641 4768 Cui
670 4705 786 4768 beatus
812 4703 958 4767 militans
984 4703 1158 4769 Cornelius
1184 4723 1281 4785 papa,
1302 4703 1426 4784 sprevit
1450 4701 1545 4765 Decii
1572 4701 1762 4766 truculenta

635 4801 799 4863 minarum
816 4800 902 4863 iussa
918 4808 951 4863 et
968 4800 1101 4863 adolere
1116 4798 1324 4881 thymiama;

525 4913 555 4974 9.
580 4897 710 4959 Ductus
726 4897 768 4960 ad
794 4893 958 4977 templum
987 4895 1106 4959 Martis
1131 4895 1270 4958 adorare
1294 4903 1450 4973 statuam,
1466 4913 1590 4977 spuens
1606 4895 1639 4958 in
1656 4915 1696 4958 ea
1712 4896 1764 4958 in-

635 4992 707 5078 quit
720 5018 726 5056 :
741 4997 757 5025 ‘¹
768 4991 869 5056 Tales
880 4991 926 5055 dii
942 5001 1089 5074 pereant,
1105 4990 1187 5055 caeli
1204 4999 1238 5054 et
1253 4990 1369 5054 mundi
1386 4992 1429 5055 de
1445 4989 1581 5056 fabrica.
1594 4989 1610 5017 ’³
