4094 5796
803 497 943 548 vitosal:
967 497 1168 548 Et‘c'Lnslal:
1196 499 1414 546 t't‘tlcllln'stu

615 764 728 827 Dante
739 765 846 846 prima
861 763 985 827 semina
1158 761 1248 844 Ergo
1264 785 1378 845 preces
1391 765 1508 828 audias

613 857 725 920 cibum
743 859 859 922 mortis
876 859 1013 934 homini,
1155 857 1213 920 tibi
1232 859 1504 942 supplicantium,

615 952 820 1035 pullularunt
833 955 983 1030 crimina,
1160 957 1393 1040 supplicesque
1411 957 1511 1020 iacias

615 1050 715 1112 datus
727 1060 777 1113 est
794 1051 988 1113 discrimini.
1159 1053 1284 1116 nescire
1301 1053 1513 1136 supplicium.

617 1147 707 1208 Laus
723 1146 864 1208 debetur
880 1147 1015 1227 gemina
1159 1144 1230 1210 Nos
1247 1151 1289 1212 ad
1307 1149 1399 1231 Agni
1418 1149 1561 1230 nuptias,

617 1242 676 1305 tibi
695 1242 796 1304 Matri
814 1243 957 1323 Virgini,
1158 1244 1201 1304 ad
1219 1245 1342 1328 pingue
1359 1245 1547 1308 convivium

617 1359 702 1421 quae
715 1339 805 1402 tollis
822 1341 1025 1417 discrimina,
1158 1341 1258 1422 recipi
1272 1343 1458 1424 praecipias

615 1455 701 1517 quae
713 1436 853 1498 mederis
870 1437 1007 1499 crimini.
1156 1438 1278 1502 Christi
1299 1439 1588 1505 commensalium.

1098 1543 1118 1609 7

908 1620 946 1682 ln
965 1641 1032 1702 quo
1050 1622 1126 1686 Deo
1142 1627 1267 1704 gratias

908 1737 975 1777 vox
993 1728 1043 1780 est
1060 1721 1319 1782 convivantium.

600 1859 651 1929 15.
678 1837 733 1908 lN
754 1837 1273 1962 COMMEMO'RATION
1284 1841 1315 1912 E
1341 1841 1380 1912 B.
1410 1841 1642 1914 MARIAE.

802 1965 810 2008 ¹
1424 1970 1445 2028 4

624 2043 732 2118 Salve,
755 2045 847 2124 virga
866 2043 1016 2124 mystica,
1254 2045 1368 2109 Nostri
1385 2049 1456 2109 dux
1476 2047 1602 2109 itineris

622 2140 729 2220 Virgo
743 2140 853 2202 Mater
872 2139 981 2214 Unici,
1250 2143 1294 2205 sis
1311 2153 1344 2205 et
1360 2163 1473 2206 cornes
1486 2143 1598 2204 exitus
1612 2167 1620 2222 ;

623 2237 708 2298 inter
725 2245 847 2298 matres
860 2236 967 2312 unica,
1253 2240 1279 2302 si
1297 2239 1394 2302 nobis
1411 2239 1556 2300 astiteris

623 2331 703 2394 selix
720 2341 809 2393 sorte
825 2330 967 2411 duplici;
1257 2346 1348 2399 tutus
1365 2335 1426 2396 erit
1443 2335 1612 2396 transitus.

626 2428 720 2490 Mitis
737 2437 769 2490 ct
787 2425 934 2509 pacifica,
1255 2432 1404 2494 Misereri
1419 2431 1546 2491 miseris

626 2525 781 2588 Genitrix
801 2523 943 2600 Pacifici,
1254 2529 1314 2592 tibi
1331 2527 1446 2589 datum
1465 2526 1614 2600 caelitus,

625 2642 685 2702 pro
701 2620 808 2682 salute
820 2619 972 2701 supplica
1253 2625 1342 2689 unde
1358 2623 1427 2685 iure
1444 2621 1588 2684 flecteris

625 2728 737 2781 nostra
755 2719 810 2799 pio
828 2717 943 2779 ludici.
1252 2723 1293 2784 ad
1312 2738 1480 2781 servorum
1498 2717 1653 2798 gemitus.

802 2829 819 2873 ²
1206 2877 1208 2882 ι
1431 2827 1445 2892 5

627 2909 787 2973 Sublimis
800 2917 833 2970 et
846 2907 991 2982 humilis,
1255 2913 1352 2987 Veni,
1369 2910 1484 2973 mundi
1502 2909 1648 2982 domina,

567 3001 569 3007 ’
628 3004 720 3066 firma
737 3025 812 3086 spes
825 3003 1012 3080 humilium,
1257 3009 1383 3070 munda
1400 3007 1511 3068 Mater·
1529 3005 1678 3079 Domini,

626 3103 777 3165 hostibus
794 3101 958 3176 terribilis,
1254 3105 1342 3166 vitae
1360 3123 1449 3164 mors
1465 3102 1674 3163 contermina

627 3197 742 3278 frange
755 3199 839 3259 vires
855 3197 1013 3261 hostiurn.
1255 3201 1346 3262 venit
1364 3217 1502 3280 parcens
1517 3197 1651 3259 nemini.

631 3293 746 3354 Dulcis
763 3303 795 3354 et
813 3291 966 3354 amabilis
1258 3295 1388 3361 Cuncta
1404 3294 1486 3356 caeli
1498 3293 1624 3356 lumina

627 3389 733 3450 tutrix
750 3387 955 3462 amabilium,
1253 3401 1312 3452 tuo
1328 3389 1451 3451 cedunt
1469 3388 1600 3462 lumini;

629 3485 675 3544 sic
692 3483 788 3546 nobis
806 3483 978 3565 placabilis
1256 3505 1336 3565 ergo
1353 3503 1414 3545 nos
1432 3482 1592 3556 illumina,

633 3580 677 3641 sis
694 3589 729 3642 ut
747 3580 858 3661 places
875 3580 996 3643 Filium
1264 3601 1306 3642 ne
1324 3600 1373 3640 res
1390 3579 1476 3640 desit
1490 3577 1625 3639 nomini.

633 3771 683 3832 En
701 3771 852 3832 viventes
870 3769 1037 3846 morimur,
1263 3771 1379 3832 Preces
1396 3788 1437 3830 ne
1453 3766 1619 3848 despicias

632 3867 735 3927 immo
748 3865 954 3926 semimortui
1260 3865 1302 3925 ad
1319 3873 1352 3926 te
1363 3863 1613 3943 suspirantium,

632 3973 668 4023 ut
684 3980 771 4041 aqua
783 3959 971 4033 dilabimur,
1261 3960 1317 4022 sed
1336 3977 1432 4040 prece
1449 3957 1628 4019 subvenias

632 4059 689 4120 sed
707 4077 841 4118 occurre
854 4057 969 4138 lapsui.
1264 4075 1351 4136 quae
1366 4053 1471 4116 tulisti
1485 4051 1637 4134 pretium.

633 4154 698 4216 Via
712 4175 770 4235 per
787 4173 885 4234 quam
905 4154 1076 4233 gradimur
1263 4149 1376 4211 Miseri
1394 4147 1539 4222 delicias,

633 4249 707 4311 finis
724 4258 774 4310 est
787 4249 945 4329 ambigui,
1261 4243 1343 4306 viles
1360 4243 1451 4324 regni
1469 4242 1601 4318 solium,

631 4347 656 4406 si
674 4355 707 4406 te
724 4347 808 4406 duce
820 4345 972 4405 ducimur
1261 4339 1357 4420 egeni
1374 4338 1508 4400 divitias

633 4451 722 4502 meta
734 4441 832 4501 datur
849 4439 961 4500 metui.
1261 4434 1451 4516 quaerimus
1465 4457 1470 4494 ε
1484 4433 1526 4494 da
1540 4431 1669 4494 Filium.

1114 4539 1132 4602 7

921 4621 995 4680 Hoc
1013 4641 1079 4681 uuo
1097 4639 1156 4680 nos
1174 4619 1275 4679 satias

919 4716 950 4774 in
969 4735 1034 4794 quo
1051 4713 1187 4795 plenum
1200 4713 1368 4794 gaudium.

540 4858 556 4905 4
570 4848 583 4894 f
616 4845 660 4894 On
676 4841 705 4893 lit
720 4842 791 4892 dans
805 4841 829 4890 lc
845 4837 960 4890 blissol:
980 4838 1045 4888 Tibi
1055 4838 1155 4889 datum
1169 4841 1211 4886 est
1221 4833 1345 4886 ruditus.
1362 4831 1417 4882 Es!
1429 4831 1488 4884 doit
1502 4833 1560 4883 etro
1576 4828 1729 4898 supprime.

542 4935 585 4988 50
616 4923 653 4973 Le
668 4931 741 4973 texte
756 4929 852 4987 porte:
876 4917 954 4966 lr't'lur
972 4933 1062 4968 artures
1082 4915 1264 4977 conterinum,
1291 4928 1322 4963 ce
1341 4911 1388 4979 qui
1408 4909 1502 4962 donne
1520 4927 1574 4962 une
1595 4909 1703 4976 syllabe
1727 4905 1761 4958 de

505 5015 566 5068 trop
580 5013 607 5052 et
626 5000 723 5052 n'oiire
740 5015 831 5051 aucun
854 5011 928 5047 sens.
969 4999 989 5048 d
1024 4995 1062 5047 Le
1078 4993 1177 5046 illissel
1192 4993 1286 5044 donne
1300 4991 1373 5042 veni.
