4108 5794
517 480 586 546 262
796 497 938 550 uuosse
967 498 1168 548 secessus
1196 501 1490 554 Tunnuutusnu

821 697 901 770 17³·
934 675 1009 748 DE
1041 675 1263 751 snuc‘sn
1292 679 1465 756 Auun.

823 891 833 935 ¹
1447 897 1469 958 4

691 1019 920 1082 Laetabundus
1233 1022 1328 1085 Haec
1344 1035 1394 1086 est
1410 1023 1535 1086 canalis
1553 1027 1678 1090 munda

600 1115 757 1179 decantet
773 1114 872 1177 hodie
890 1116 1034 1179 mundus
1230 1138 1289 1200 per
1304 1139 1405 1203 quam
1422 1120 1550 1202 gratiae
1566 1123 1657 1185 unda

689 1211 812 1274 Annae
829 1211 943 1274 laudes
1318 1214 1380 1278 suit
1397 1216 1477 1279 data
1492 1237 1500 1294 ;

689 1307 796 1369 Totus
814 1308 959 1369 mundus
1233 1309 1329 1373 Haec
1345 1321 1396 1374 est
1412 1322 1517 1394 nupta
1536 1309 1665 1376 famosa

574 1434 578 1442 =
602 1402 660 1465 fies
676 1403 787 1478 hom0,
804 1403 830 1463 si
847 1403 1011 1464 iucundus
1228 1405 1322 1468 cuius
1339 1413 1411 1470 tota
1427 1405 1574 1470 formosa

688 1499 775 1561 hanc
791 1497 970 1560 collaudes.
1320 1503 1382 1566 suit
1399 1514 1485 1567 nata.

820 1689 838 1735 ²
1235 1737 1329 1800 Haec
1344 1737 1473 1801 caelum
1490 1758 1510 1802 a
1526 1757 1593 1820 quo
1608 1737 1705 1802 stella

605 1840 699 1902 Haec
716 1838 777 1901 suit
793 1837 881 1901 enim
898 1857 999 1900 causa
1232 1833 1367 1897 trahens
1384 1853 1445 1898 nos
1461 1855 1481 1898 a
1496 1835 1654 1917 procella,

601 1955 668 2016 qua
684 1935 771 1998 vitae
788 1944 885 2016 porta
900 1933 1012 1996 clausa
1232 1931 1326 1994 terris
1342 1931 1426 1993 dans
1444 1930 1494 1993 lac
1510 1941 1543 1994 et
1560 1931 1659 1996 melia

689 2030 911 2112 panderetur;
1318 2025 1410 2090 caelo
1428 2047 1551 2090 manna
1565 2049 1572 2105 ;

602 2125 697 2188 Haec
714 2145 818 2187 senex
836 2124 1013 2187 infecunda
1233 2123 1328 2187 Haec
1346 2133 1453 2186 mater
1472 2125 1591 2188 Matris
1609 2125 1673 2189 Dei

601 2219 637 2286 fit
654 2242 673 2284 a
691 2223 766 2284 Deo
782 2221 925 2284 secunda
1233 2221 1276 2283 ad
1293 2239 1394 2301 quam
1412 2221 1582 2303 suspirant
1598 2221 1643 2284 rei
1661 2243 1668 2299 ;

687 2328 723 2381 ut
741 2317 902 2380 laudetur.
1233 2317 1384 2381 dicamus
1400 2337 1480 2398 ergo
1495 2318 1525 2380 ei
1541 2340 1548 2380 ε

1321 2411 1431 2487 Salve,
1449 2411 1560 2477 Anna.

821 2501 837 2563 ³
1451 2533 1472 2594 6

605 2653 700 2716 Haec
717 2652 815 2714 arbor
831 2662 863 2714 et
881 2651 1032 2734 plantula
1277 2646 1308 2711 Ο
1326 2645 1407 2709 felix
1423 2667 1575 2728 propera,

602 2769 646 2811 ex
663 2768 730 2830 qua
747 2748 838 2811 Iesse
853 2746 981 2828 virgula
1277 2761 1391 2824 preces
1408 2742 1535 2818 reitera,

688 2855 738 2907 est
755 2844 919 2926 producta
934 2865 942 2922 ;
1190 2859 1231 2902 ne
1247 2838 1490 2902 condemnetur
1499 2860 1582 2921 gens
1598 2841 1720 2905 misera
1730 2866 1745 2917 ,-

604 2941 699 3004 Haec
716 2941 837 3003 domus
853 2961 898 3002 ex
914 2958 980 3022 qua
996 2949 1093 3020 porta
1278 2933 1431 3000 Ostende
1447 2935 1558 3012 ubera,

602 3037 746 3117 paradisi
764 3046 813 3097 est
830 3045 904 3097 orta
1274 3039 1440 3113 nataeque
1457 3031 1584 3113 impera

688 3143 720 3193 et
737 3133 882 3193 inducta.
1189 3135 1225 3190 ut
1242 3147 1303 3189 nos
1318 3127 1464 3191 deducat
1481 3128 1523 3190 ad
1541 3149 1668 3211 supera.

552 3316 590 3368 Le
604 3324 677 3368 texte
688 3315 723 3368 de
734 3323 809 3367 cette
824 3314 910 3366 Prose
924 3275 1048 3382 manque
1069 3311 1142 3365 dans
1167 3319 1248 3364 notre
1267 3309 1366 3364 Missel
1388 3310 1423 3364 de
1443 3310 1618 3366 Tarentaise.
1653 3312 1734 3366 Nous
1748 3311 1775 3365 le

403 3447 405 3450 .
516 3398 701 3452 retablissons
711 3397 822 3466 d’apres
835 3397 876 3450 les
891 3396 1007 3450 Missels
1019 3395 1054 3450 de
1067 3397 1226 3462 Lausanne,
1241 3407 1316 3462 1493,
1330 3403 1358 3448 et
1371 3394 1407 3448 de
1420 3395 1659 3464 Toulouse‚154o.

557 3539 566 3576 1
584 3540 600 3576 e
631 3522 677 3576 fiet
692 3523 873 3575 Lausannen.

554 3621 572 3671 4
585 3623 605 3661 a
636 3605 757 3660 carnaiis
771 3606 951 3659 Lausannen.
980 3604 1089 3658 canalis
1104 3603 1180 3656 unda
1198 3602 1225 3656 T
1220 3603 1326 3656 olosan.
1341 3615 1415 3671 1540.

557 3691 606 3756 sb
636 3698 680 3740 est
693 3685 808 3740 trahens
822 3686 1033 3739 aLausannen.
1064 3701 1082 3737 c
1111 3683 1193 3737 terris
1206 3682 1289 3736 hians
1303 3683 1482 3736 Lausannen.

555 3767 602 3821 60
632 3766 1017 3820 condanneturLausannen.

746 4131 825 4202 174.
858 4108 933 4182 DE
964 4107 1187 4181 SANCTO
1217 4107 1554 4182 AVGVSTINO.

831 4384 843 4429 1
1458 4385 1476 4429 2

566 4511 760 4594 Augustino
777 4507 893 4572 laudes
909 4507 1037 4584 demus,
1198 4509 1264 4571 Hie
1279 4518 1330 4572 est
1347 4509 1560 4592 Augustinus
1576 4522 1671 4594 pater

566 4611 749 4694 Augustini
766 4609 822 4691 qui
840 4607 1026 4690 gaudemus
1198 4629 1296 4691 quem
1314 4611 1489 4674 seductum
1506 4612 1563 4694 pia
1579 4621 1685 4676 mater

609 4709 734 4771 meritis
750 4715 784 4768 et
800 4704 913 4787 gloria.
1239 4714 1272 4768 et
1288 4715 1440 4770 secutum
1456 4708 1555 4771 devia

565 4805 681 4871 Clerus
698 4805 807 4884 ipsum
825 4809 1001 4862 venenatur
1198 4802 1277 4864 Post
1293 4801 1486 4866 innumeros
1502 4825 1627 4867 errores

565 4922 622 4984 per
638 4920 737 4983 quem
756 4897 833 4960 cleri
850 4895 1049 4960 sublimatur
1195 4898 1238 4960 ad
1255 4897 1414 4962 virtutum
1433 4901 1538 4964 traxit
1553 4919 1662 4965 mores

608 4995 754 5079 dignitas
770 5004 803 5056 et
819 4991 933 5074 gratia.
1237 5014 1295 5076 per
1313 4995 1419 5059 muita
1434 4997 1583 5080 suspiria„
