4096 5794
501 483 573 574 538
801 502 941 552 exosae
970 503 1172 553 accensure
1201 501 1451 554 naxovrunsrs

498 700 549 765 79.
573 684 627 748 De
643 683 769 752 Sancto
783 683 993 760 Sebastiano
1010 681 1215 764 Sequentia:
1250 681 1368 744 Omms
1380 701 1448 744 mm
1460 679 1671 746 decantemus,
1697 683 1762 762 389

499 784 549 847 80.
574 781 626 845 De
643 781 771 846 Sancto
787 781 940 846 Antonio
959 779 1157 856 consessore,
1169 777 1373 860 Sequentia:
1409 777 1449 840 ln
1464 776 1761 841 hacdielaetabun-

629 878 681 943 da.
715 878 880 958 K..·496

499 949 549 1050 81.
575 974 628 1039 De
645 975 771 1040 Sancto
789 941 916 1053 Roch0,
934 976 1140 1059 Sequentia:
1175 975 1216 1037 In
1232 971 1350 1036 honore
1365 972 1532 1035 salutaris.
1548 1021 1670 1036 .........
1699 990 1764 1081 390

500 1074 551 1150 82
576 1073 614 1136 In
633 1071 718 1136 sesto
734 1072 853 1136 beatae
871 1073 1047 1149 Barbarae,
1065 1073 1188 1134 Prosa.
1223 1069 1423 1132 Mirandum
1453 1067 1675 1131 commercium
1692 1069 1761 1132 vir

623 1169 725 1252 ginis,
734 1168 988 1251 proverbircrn.²²
1009 1216 1114 1232 ........

1123 1213 1583 1230 ................................
1698 1183 1758 1247 39¹

501 1266 550 1346 8.3
501 1265 631 1328 8De
648 1265 773 1330 Sancta
790 1265 914 1330 Christi
932 1265 1109 1347 Lacryma,
1126 1264 1249 1326 Prosa:
1287 1260 1501 1341 OLacryma
1517 1261 1672 1342 gloriosa.
1701 1279 1763 1342 179

579 1361 618 1424 In
647 1361 751 1426 Missa
777 1362 979 1444 nuptiarum,
1010 1360 1217 1442 Sequentia:
1251 1357 1424 1421 Benedicta
1449 1357 1495 1421 sit
1517 1357 1621 1421 Beata
1652 1358 1765 1431 Trini-

524 1532 526 1536 .
632 1467 692 1523 tas.
715 1505 1106 1524 ...........................

508 1671 553 1718 ‚22
575 1657 648 1712 ltem
662 1656 689 1710 in
700 1655 900 1712 Translatione
912 1654 1050 1728 eiusdem.

1114 1502 1587 1519 .................................
1586 1529 1591 1534 ,
1596 1503 1674 1534 .,..,.
1706 1472 1769 1532 roo

783 1925 866 2018 385.
899 1921 974 1996 DE
1004 1918 1229 1996 SANCTO
1258 1917 1484 1993 VRSINO.

814 2156 826 2202 1

593 2275 763 2340 Iocundus
788 2273 959 2338 Ecclesiae

506 2377 509 2382 “
592 2372 712 2436 chorus
728 2371 816 2436 colat
833 2371 933 2435 hodie

507 2497 510 2502 ’
592 2469 705 2533 votiva
722 2467 907 2544 sollemnia,

812 2629 830 2675 2

595 2751 803 2816 Salvatorem
821 2751 971 2814 omnium

509 2875 512 2883 ·
554 2855 555 2860 ’
594 2845 734 2910 laudans
753 2846 815 2909 Dei
835 2845 956 2910 Filium

592 2944 749 3007 concordi
767 2942 920 3019 melodia,

533 3055 538 3062 '
594 3039 661 3123 Qui
677 3039 858 3103 condolens
876 3039 1013 3118 miseris,

594 3136 698 3200 nostri
716 3135 833 3219 morbo
849 3135 980 3216 generis

594 3231 733 3297 donavit
749 3231 906 3309 remedia,

813 3403 831 3467 3

598 3522 709 3586 Huius
725 3522 831 3586 sancti
847 3522 1009 3604 dogmate

596 3619 719 3682 tinctos
735 3619 768 3680 in
786 3619 990 3700 baptismate

596 3715 742 3778 levansa
759 3715 899 3792 miseria,

597 3809 692 3894 Quos
709 3809 796 3873 male
812 3811 977 3874 deiecerat

596 3917 630 3970 et
646 3907 688 3969 ad
706 3927 831 3988 poenas
848 3915 998 3969 traxerat

596 4003 771 4064 daemonis
788 4003 921 4064 invidia.

813 4169 835 4227 4

598 4286 629 4351 Ο
645 4306 745 4370 quam
764 4287 845 4350 felix
861 4285 1030 4350 saeculnm

598 4383 650 4446 cui
668 4404 727 4464 per
743 4383 807 4446 Dei
825 4383 997 4459 famulum,

598 4481 679 4544 data
694 4478 812 4562 culpae
829 4479 934 4554 venia,

598 4585 676 4639 sunt
694 4577 830 4638 remissa
846 4575 946 4638 vitial

601 4673 666 4734 Hic
683 4671 737 4734 ille
754 4669 943 4734 Nathanael

598 4789 695 4850 quem
715 4769 830 4830 videns
850 4765 1059 4840 Emmanuel,

599 4867 641 4926 ad
659 4866 729 4926 eius
746 4863 868 4926 iudicia

598 4959 698 5022 verba
713 4959 807 5023 dedit
824 4957 923 5021 talia:

1443 2147 1458 2214 5

1307 2275 1324 2304 “
1336 2273 1424 2336 Ecce
1439 2293 1536 2337 verus

1311 2378 1344 2432 et
1361 2371 1507 2434 sincerus

1312 2469 1369 2551 qui
1386 2489 1452 2532 non
1469 2468 1537 2533 doli

1310 2566 1424 2630 subest
1441 2567 1529 2643 moli,

1177 2657 1180 2662 ’
1225 2657 1305 2726 vere
1318 2663 1478 2727 Israelita.
1494 2661 1509 2690 ’¹

1315 2758 1412 2822 Felix
1428 2759 1490 2822 iste

1311 2875 1410 2937 quem
1428 2854 1490 2930 Tu,
1507 2853 1648 2930 Christe,

1312 2950 1519 3029 collaudasti,

1312 3067 1411 3130 quern
1429 3047 1562 3110 donasti

1226 3145 1399 3226 dignitate,
1416 3151 1515 3228 quem
1531 3145 1609 3208 vita.

1445 3267 1467 3328 6
1533 3249 1535 3256 ,

1313 3387 1443 3452 Primus
1458 3386 1565 3450 turbis
1649 3437 1683 3468 .-

1314 3481 1518 3546 mmmm

1315 3578 1472 3644 reseravit

1313 3683 1347 3738 et
1363 3674 1559 3737 monstravit
1636 3731 1638 3734 ,
1673 3727 1675 3732 ,

1226 3769 1343 3833 salutis
1360 3760 1519 3852 mysteria
1534 3793 1541 3849 ;

1184 3865 1323 3928 Dabant
1338 3865 1460 3947 pignus
1476 3875 1591 3930 tantae
1609 3865 1654 3928 rei
1718 3874 1721 3880 '

1183 3971 1418 4044 argumentum
1436 3969 1468 4023 et
1486 3961 1563 4025 fidei
1645 4021 1647 4026 .
1668 3971 1687 4024 f

1227 4057 1386 4120 virtutum
1404 4057 1558 4139 insignia.
1634 4117 1635 4124 ,

1446 4195 1466 4262 7

1185 4294 1272 4357 Nam
1291 4296 1379 4378 quod
1397 4316 1454 4359 ore
1470 4297 1684 4378 praedicabat

1185 4411 1292 4455 rerum
1309 4392 1413 4473 signis
1429 4391 1616 4458 affirmabat

1186 4489 1325 4570 magnis,
1341 4489 1499 4553 virtutum
1517 4489 1615 4572 copia
1723 4552 1725 4555 .

1185 4583 1377 4647 meritorum
1394 4594 1428 4647 et
1444 4584 1556 4666 gloria.

1186 4677 1303 4740 Petrus
1319 4679 1420 4742 istum
1436 4680 1500 4743 huc
1516 4681 1653 4758 direxit,

1184 4771 1238 4834 hic
1253 4773 1296 4834 ad
1314 4774 1416 4836 vitam
1434 4794 1495 4837 nos
1512 4775 1649 4851 revexit,

1186 4887 1358 4949 perquem
1377 4869 1441 4932 Dei
1458 4869 1635 4933 clementia

1185 4975 1246 5018 nos
1262 4956 1410 5038 respexit
1427 4977 1471 5021 ex
1487 4958 1602 5040 gratia.
1683 5040 1684 5043 Ἴ
