4108 5794
585 551 731 603 PROSAE
758 549 961 601 ECCLESIAE
988 551 1273 603 ATREBATENSIS
1484 552 1553 624 295

614 852 694 920 194.
727 827 803 901 DE
835 828 1022 904 BEATA
1052 830 1248 904 MARIA.

606 1064 618 1109 1
1234 1067 1252 1112 2

384 1219 517 1282 Praeter
533 1235 642 1279 rerum
659 1216 810 1278 ordinem
1012 1217 1129 1281 Virtus
1146 1217 1262 1282 Sancti
1281 1218 1424 1300 Spiritus

383 1313 470 1397 parit
486 1311 786 1376 Deum-hominem
1014 1332 1099 1395 opus
1115 1313 1204 1377 istud
1220 1313 1358 1377 caelitus

469 1407 709 1490 Virgo-mater,
1102 1418 1259 1492 operatur
1275 1431 1282 1488 ;

387 1505 458 1568 Nec
475 1504 525 1567 vir
540 1504 650 1586 tangit
666 1503 839 1586 virginem,
1015 1503 1124 1567 Initus
1139 1513 1197 1567 aut
1213 1504 1325 1568 exitus

387 1620 446 1663 nec
463 1598 565 1682 prolis
581 1599 743 1679 originem
1016 1609 1131 1682 partus
1148 1601 1196 1664 tui
1213 1601 1346 1682 penitus

472 1696 565 1758 novit
581 1705 683 1777 pater.
1101 1698 1176 1778 quis
1192 1703 1384 1760 scrutatur?

917 1851 934 1913 3

712 2000 777 2062 Dei
794 1999 1006 2081 providentia

711 2115 797 2177 quae
812 2095 962 2178 disponit
978 2099 1092 2161 omnia

798 2201 868 2255 tarn
885 2213 996 2272 suave,

712 2288 787 2350 Tua
803 2290 977 2371 puerperia

711 2383 854 2447 transfer
870 2385 902 2447 in
921 2387 1089 2468 mysteria,

799 2481 918 2559 Mater,
934 2501 1003 2545 ave.

335 2701 544 2752 Manuserits.
568 2698 684 2752 Parus:
703 2697 776 2752 Bibl.
794 2699 955 2767 Nat.,1107‚
975 2699 1074 2753 Missel
1093 2698 1130 2752 de
1150 2697 1279 2766 l'abbaye
1297 2697 1333 2751 de
1352 2696 1557 2766 Saint·Denys,

300 2782 357 2835 xiue
367 2782 461 2851 siecle,
475 2784 513 2836 M
514 2803 529 2848 ,·
559 2795 652 2852 11592,
668 2782 766 2838 Missel
780 2785 816 2838 de
829 2785 911 2854 Toul,
924 2784 1072 2852 xv⁰siecle‚
1087 2785 1120 2838 R.

336 2943 418 2997 Cette
431 2943 519 2997 Prose
532 2961 550 2997 a
559 2943 604 2998 έῑέ
613 2941 726 3014 publiee
739 2959 790 3013 par
800 2943 997 3012 Mlucrtsncu¹
1012 2944 1125 3013 Hymni
1134 2948 1162 2996 ct
1173 2944 1349 3012 Sequentiae
1360 2957 1456 3012 p.219.
1477 2907 1559 2995 Dans

299 3021 343 3076 M.
357 3032 384 3076 et
398 3022 470 3076 dans
488 3024 515 3078 le
529 3023 629 3078 Missel
642 3024 679 3078 de
696 3025 723 3077 N
727 3039 801 3092 oyon
814 3023 868 3076 elle
881 3041 898 3078 a
917 3040 988 3093 pour
1001 3024 1083 3077 titre:
1100 3024 1283 3092 Offerton'um
1295 3022 1329 3075 de
1342 3023 1433 3076 Beata
1444 3022 1556 3075 Maria.

336 3219 346 3257 1
363 3222 383 3259 a
414 3205 516 3260 seriem
529 3205 563 3259 R.
577 3205 739 3260 Atrebaten.
753 3205 897 3260 Morinen.
911 3205 1078 3261 Noviomen.
1093 3206 1299 3260 MILCHSACK.

334 3302 349 3340 2
363 3292 385 3341 b
415 3285 484 3341 iilud
497 3287 664 3341 Noviomen.
698 3291 719 3341 d
741 3295 769 3339 et
779 3285 869 3340 exitus
883 3287 926 3342 M.
939 3289 1106 3342 Noviorum.

335 3381 351 3436 3
364 3371 386 3421 b
416 3367 464 3438 qui
474 3367 520 3421 M.
534 3367 696 3420 atrebaten.
737 3365 878 3437 disposuit
891 3367 925 3421 R.
