4116 5784
588 535 731 586 PROSAE
757 536 963 588 ECCLESIAE
990 536 1314 594 SlLVANECTENSIS
1506 541 1580 616 379

406 841 551 908 Romam
569 853 672 926 caput
688 845 819 914 urbium
971 837 973 844 ’
995 837 1035 916 ln
1052 850 1192 916 asellum
1209 833 1317 916 sancti
1333 851 1393 916 viri

384 1005 389 1012 ,
405 957 568 1023 quaerens
587 939 789 1024 Dionysium
870 1009 874 1019 ,
990 966 1058 1030 quo
1073 947 1240 1012 subintret
1256 948 1386 1030 quaerit
1401 949 1464 1016 diri

405 1055 425 1099 a
442 1035 595 1119 Mycenis
611 1048 756 1116 venerat,
885 1061 888 1068 ’
1036 1042 1211 1108 daemonis
1227 1043 1360 1120 astutia,

405 1130 490 1194 Cum
508 1151 576 1215 quo
591 1131 642 1196 vel
661 1153 736 1198 cum
753 1135 893 1201 caeteris
992 1137 1059 1204 Sed
1078 1138 1262 1222 malignum
1281 1159 1362 1204 mox
1379 1139 1508 1224 fugavit

404 1227 502 1290 sociis
518 1229 645 1293 itineris
991 1235 1096 1300 crucis
1112 1234 1244 1318 signum
1261 1255 1329 1318 quo
1345 1235 1490 1318 signavit

404 1321 565 1390 Arelaten
582 1334 748 1408 properat.
1036 1330 1122 1413 pede
1137 1339 1261 1396 terram
1277 1329 1394 1396 bestia.

619 1489 641 1550 4
769 1501 771 1505 ,
793 1447 796 1456 ¹
1252 1447 1271 1512 8

675 1545 678 1550 ’
989 1559 1093 1626 Fores
1109 1557 1242 1624 elausae
1258 1569 1447 1624 reserantur

989 1663 1023 1719 et
1040 1653 1163 1738 captivi
1181 1654 1364 1720 liberantur

989 1753 1032 1816 de
1047 1749 1187 1816 carceris
1203 1753 1359 1833 angustia

989 1847 1210 1930 adpraesulis
1226 1845 1374 1930 imperia.

989 1945 1079 2010 Fons
1095 1963 1113 2007 e
1129 1953 1217 2007 terra
1232 1943 1309 2007 salit
1326 1943 1421 2007 vivus

986 2040 1080 2103 cuius
1096 2037 1187 2122 large
1204 2037 1309 2102 fluens
1326 2040 1414 2102 rivus

984 2147 1080 2220 grata
1097 2135 1263 2200 ministrat
1278 2133 1398 2218 p'ocula

620 2248 635 2315 5
758 2231 760 2236 ’
987 2235 1146 2298 duratura
1162 2251 1221 2316 per
1236 2231 1376 2296 saecula.

404 1615 473 1682 Ubi
490 1623 606 1698 pastor
622 1617 771 1682 residens

401 1711 534 1794 signum
551 1713 643 1778 videt
658 1713 796 1780 evidens

401 1807 443 1871 de
459 1817 652 1874 sanctorum
670 1808 799 1894 gloria;

401 1901 580 1987 Quemque
595 1925 657 1969 suo
673 1905 809 1970 nomine

401 2008 589 2064 monstrant
603 1999 692 2080 ¹colla
708 2001 871 2086 sanguine

400 2094 630 2160 columbarum
648 2097 745 2162 varia

401 2363 594 2450 Subrogato
611 2369 754 2452 praesuli
987 2391 991 2399 ·
1045 2425 1047 2430 .
1248 2362 1270 2424 9

399 2480 512 2525 curam
529 2465 632 2529 tradit
648 2465 764 2548 populi
989 2457 1058 2524 Ora
1074 2457 1163 2520 ranis
1179 2455 1304 2521 claudit
1321 2467 1466 2535 sanctus,

400 2565 436 2619 ut
451 2568 610 2639 sequatur
625 2561 760 2641 praevia
988 2555 1044 2618 uni
1060 2561 1174 2618 tamen
1191 2553 1271 2616 data
1287 2563 1406 2617 cantus

399 2661 590 2716 sanctorum
609 2655 759 2737 vestigia.
987 2661 1036 2714 est
1053 2650 1141 2714 soliti
1159 2649 1293 2712 licentia

402 2745 541 2811 Habens
558 2749 760 2814 desiderium
986 2747 1030 2810 ob
1047 2745 1124 2809 lacti
1140 2745 1333 2809 testimonia
1347 2767 1354 2824 ;

397 2841 514 2906 horum
532 2865 591 2926 per
607 2846 804 2928 martyrium
988 2843 1114 2926 Locum
1132 2849 1268 2906 sanctae
1285 2841 1487 2926 sepulturae

399 2939 535 3002 mercari
552 2941 721 3005 consortia
984 2938 1073 3002 serae
1090 2947 1209 3020 petunt
1225 2941 1259 3000 et
1275 2957 1409 3001 securae

398 3033 429 3094 in
447 3033 583 3100 caelesti
599 3037 698 3101 curia.
985 3053 1060 3096 cum
1078 3032 1194 3115 populi
1212 3029 1399 3114 frequentia
1497 3037 1501 3042 '

613 3197 635 3259 6
983 3129 1121 3193 veniunt
1137 3128 1180 3192 ad
1196 3125 1379 3192 sollemnia

1235 3256 1275 3302 10

481 3353 586 3437 Virga
602 3354 701 3439 fregit
984 3352 1042 3416 Pie
1058 3361 1180 3435 pastor,
1197 3351 1374 3417 Summum
1393 3351 1522 3435 Regem

482 3443 515 3512 et'
533 3450 662 3534 redegit
982 3469 1062 3531 erga
1078 3458 1172 3512 tuum
1190 3449 1287 3531 placa
1302 3468 1439 3530 gregem

483 3545 515 3608 in
533 3543 681 3610 favillam
1113 3554 1146 3608 et
1162 3545 1251 3608 hunc
1267 3545 1405 3608 chorum

480 3641 577 3704 iuxta
592 3641 704 3705 villam
1112 3639 1311 3705 famulorum

394 3735 550 3815 Lauram,
566 3738 676 3820 gentis
692 3739 803 3817 idola;
1022 3737 1087 3800 duc
1104 3735 1146 3799 ad
1164 3737 1252 3800 vitae
1268 3755 1401 3818 pascua,
1434 3813 1436 3820 Ι

480 3831 536 3897 Sic
552 3853 611 3914 per
626 3853 702 3897 eum
981 3832 1075 3898 Offer
1093 3832 1145 3895 Illi
1162 3833 1218 3914 pia
1234 3842 1312 3894 vota

479 3937 530 3992 est
546 3929 587 3992 ad
606 3929 717 3993 Deum
982 3939 1094 3992 mente
1111 3926 1195 3990 fiunt
1211 3947 1298 4010 quae
1313 3928 1445 4005 devota,

479 4043 562 4087 mox
578 4043 739 4088 conversa
1110 4033 1156 4100 ut,
1171 4033 1205 4086 te
1221 4023 1314 4100 duce,

478 4117 633 4183 universa
1111 4128 1223 4182 tecum
1241 4117 1314 4182 luce

392 4215 520 4304 patriae
535 4235 618 4299 gens
634 4213 753 4280 incola.
1023 4215 1172 4280 truamur
1187 4223 1357 4298 perpetua.

321 4409 534 4543 &udam
557 4407 673 4464 Parus:
693 4407 766 4466 Bibl.
781 4409 809 4465 S.
819 4400 990 4478 Genu-viem,
1011 4405 1123 4462 l⁰BBL
1136 4421 1177 4478 ιι,
1201 4407 1301 4464 Missel
1326 4407 1363 4464 de
1390 4407 1493 4478 Senlis‚
1517 4417 1566 4462 rrue

304 4503 328 4541 ει
373 4503 398 4558 e,
440 4529 446 4544 .

338 4631 355 4685 8
368 4647 389 4699 g
419 4640 561 4688 monstrat
574 4632 774 4702 Silvanectes„
788 4649 852 4688 vers
865 4631 937 4688 faux.

323 4725 387 4778 rog
416 4711 625 4782 praeconiaque
637 4711 741 4768 devota
754 4713 942 4767 Sr'lvanecten.
971 4711 1062 4782 Apres
1082 4721 1156 4767 cette
1174 4710 1292 4782 strophe
1315 4727 1351 4764 on
1371 4708 1402 4764 lit
1421 4709 1493 4764 dans
1513 4711 1542 4764 V.
1555 4729 1566 4764 .·

303 4791 394 4844 Amen
408 4789 504 4870 dicant
518 4791 622 4846 omnia,
1187 4815 1190 4820 ·

336 4940 382 4996 Au
394 4939 449 4996 lieu
463 4941 500 4997 de
512 4951 586 4998 cette
599 4944 696 5013 Prose,
714 4943 909 4999 relativement
930 4945 1075 5012 moderne,
1099 4959 1135 4997 on
1156 4942 1282 4998 chantait
1305 4926 1525 5013 primitivement
1546 4945 1564 4998 a

304 5019 407 5090 Senlis,
429 5021 455 5075 le
472 5021 538 5090 jour
558 5023 595 5078 de
615 5022 696 5078 Saint
706 5023 797 5093 Rieul‚
814 5023 841 5078 la
852 5024 957 5078 Prose:
973 5023 1299 5093 Rexcaelice,Deus,que
1310 5039 1381 5076 nous
1392 5023 1562 5093 publierons.
