4102 5792
485 521 627 570 PROSAE
653 523 856 574 ECCLESIAE
885 527 1100 582 &CORNELII
1129 535 1434 594 COMPENDIENSIS
1516 531 1589 623 483

369 710 381 764 5
396 713 415 750 a
447 697 512 750 Vox
522 697 615 766 plorat
628 698 662 753 R.
694 700 775 770 plora
792 702 822 756 T.

366 789 414 841 7a
446 775 530 830 Plebs
556 777 674 833 militem
703 779 733 834 T.
776 781 909 838 excitavit
936 785 967 840 O.
1007 791 1027 841 b
1060 791 1196 848 exsulavit
1219 795 1250 848 0.
1291 813 1308 850 e
1335 770 1531 870 RelegantiO.
1566 812 1588 862 h

329 854 432 925 adepta
447 855 478 910 P.
490 856 523 910 R.
540 856 570 911 T.

364 935 379 987 8
393 951 413 989 a
446 936 521 990 Nam
535 945 664 1005 vocante,
678 950 829 1007 perorante
843 943 875 996 T.

362 1028 411 1082 9a
444 1015 503 1069 Lux
520 1016 551 1070 0.
585 1021 599 1070 i
629 1015 716 1072 ibic).

349 1098 407 1147 rol
437 1111 582 1150 sacramus
600 1095 630 1150 Τ.
662 1113 682 1163 g
713 1098 785 1152 servi
798 1100 925 1169 annis(!)
943 1103 974 1158 Τ.

546 1380 627 1450 345.
662 1359 735 1430 DE
766 1360 989 1438 SANCTA
1022 1369 1380 1453 KATHERINA.

631 1603 643 1647 1

411 1699 576 1764 Mundum
596 1703 701 1785 replet
716 1707 842 1786 gaudio

410 1797 620 1879 triumphalis
637 1802 749 1882 passio

410 1891 617 1958 Katherinae
633 1896 779 1977 virginis,

410 1985 507 2051 Cives
525 1987 754 2056 Alexandriae

408 2101 486 2144 suae
503 2086 645 2150 reddant
662 2086 749 2152 filiae

408 2176 540 2243 laudern
557 2181 603 2263 pii
620 2184 783 2246 carminis.

626 2303 643 2347 2

407 2386 502 2467 Opus
519 2386 723 2452 fortitudinis
824 2471 826 2476 ¹

406 2491 474 2544 tarn
492 2484 680 2564 praeclarae
696 2487 831 2570 virginis

406 2578 613 2642 admirantur
629 2583 760 2646 saecula
774 2606 781 2662 ;

407 2670 505 2754 Quod
523 2674 602 2737 vicit
617 2677 798 2756 diabolum,

404 2765 534 2831 hostem
551 2773 667 2835 stravit
683 2774 871 2853 subdolum,

404 2873 518 2927 tenera
535 2865 718 2932 iuvencula.

405 3084 503 3147 Hanc
519 3085 566 3156 ab¹
577 3088 673 3149 annis
689 3092 812 3152 teneris

402 3181 617 3246 imbuendam
638 3183 756 3248 litteris

401 3285 496 3358 pater
512 3297 571 3340 rex
588 3279 771 3346 tradiderat
785 3307 792 3362 ;

402 3371 458 3437 Sic
473 3373 502 3434 ei
520 3375 668 3452 scientia,

401 3470 620 3548 praecedente
635 3473 752 3553 gratia,

401 3562 578 3646 multiplex
595 3577 787 3632 accesserat.

614 3699 637 3758 4

355 3788 465 3851 Annis
481 3808 631 3852 crescens
648 3800 681 3853 et
697 3803 808 3856 aetate

356 3904 484 3947 morum
502 3884 600 3946 simul
617 3884 793 3951 honestate
866 3883 869 3888 ⁴

396 3979 566 4042 crescebat
582 3989 615 4043 et
631 3983 740 4062 gratia
754 4003 760 4059 ;

397 4073 606 4138 Christianae
623 4073 698 4138 fidei

396 4169 516 4234 cultrix
533 4190 607 4232 cum
626 4171 764 4254 virginei

394 4266 530 4347 pudoris
547 4268 718 4332 munditia.

614 4398 629 4464 5

352 4495 441 4560 Dum
459 4498 501 4564 ad
518 4496 826 4564 cultumidolorum

351 4592 465 4656 turbas
482 4593 574 4674 cogit
591 4595 791 4676 populorum

392 4698 554 4772 tyrannus
574 4689 776 4768 Maxentius,

352 4783 447 4848 Haec
463 4803 608 4848 errorem
626 4785 854 4867 adspernatur,

351 4877 450 4944 fidem
468 4879 593 4946 Christi
609 4889 812 4964 protestatur

393 4984 426 5039 et
442 4976 541 5041 docet
559 4975 730 5041 attentius.

1258 1606 1279 1666 6

999 1713 1157 1780 Oratores
1174 1721 1323 1786 eruditos

998 1810 1039 1872 ad
1057 1822 1224 1877 certarnen
1243 1822 1419 1884 accersitos

1041 1925 1084 1968 ex
1101 1910 1188 1990 regis
1205 1911 1345 1994 imperio

1001 2001 1080 2066 Sola
1095 2006 1175 2070 vicit
1190 2010 1362 2076 universos

996 2103 1087 2169 etad
1105 2103 1274 2172 Christum
1293 2131 1373 2175 mox
1391 2134 1567 2183 conversos

1040 2199 1144 2263 sociat
1161 2207 1329 2286 martyrio.

1255 2380 1274 2442 7

996 2507 1104 2572 ludex
1122 2526 1235 2578 monet
1252 2517 1499 2604 blandimentis,

994 2603 1092 2668 minis
1109 2618 1208 2674 terret
1225 2621 1258 2675 et
1274 2621 1459 2698 tormentis

994 2700 1106 2764 multis
1122 2713 1231 2771 tentat
1247 2717 1453 2792 argumentis

1037 2797 1198 2879 virginem
1215 2806 1372 2872 seducere
1385 2831 1393 2889 ;

992 2891 1123 2974 Martyr
1138 2909 1295 2965 constans
1312 2914 1345 2968 et
1361 2907 1484 2973 invicta

990 2990 1103 3053 multis
1119 2996 1236 3074 poenis
1252 3010 1303 3064 est
1319 3001 1450 3082 afflicta,

989 3093 1022 3146 et
1038 3089 1164 3150 catenis
1180 3092 1251 3155 dire
1266 3096 1381 3162 stricta

1032 3179 1197 3248 clauditur
1213 3188 1244 3250 in
1262 3211 1399 3258 carcere.

1249 3367 1267 3426 8

988 3511 1037 3576 Ut
1053 3533 1071 3576 a
1089 3535 1166 3580 vero
1182 3516 1386 3600 deflectatur,

985 3617 1043 3672 aut
1059 3621 1195 3692 repente
1211 3617 1401 3698 perimatur,

985 3713 1058 3767 rota
1073 3705 1239 3788 quaedam
1256 3726 1473 3797 praeparatur

1027 3808 1060 3862 et
1076 3810 1241 3867 structura
1258 3807 1367 3888 lignea
1385 3834 1392 3889 ;

985 3893 1051 3958 Sed
1069 3907 1219 3977 aptatam
1238 3921 1297 3982 pro
1314 3914 1482 3972 tormento

986 3990 1050 4052 Dei
1065 3993 1170 4055 virtus
1186 3995 1219 4057 in
1238 4010 1410 4063 momento

985 4085 1105 4169 frangit
1122 4091 1190 4153 ictu
1207 4091 1356 4157 violento

1028 4182 1229 4268 flammaque
1247 4187 1413 4257 fulminea.

1244 4361 1265 4422 9

1026 4503 1089 4566 Pro
1105 4505 1202 4586 signo
1220 4508 1368 4572 miraculi

1026 4595 1063 4660 fit
1078 4600 1119 4661 ad
1139 4599 1308 4666 Christum
1325 4607 1440 4689 populi

1026 4693 1160 4773 gentilis
1176 4701 1349 4764 conversio
1362 4725 1370 4781 3

1025 4787 1125 4853 Uxor
1141 4793 1227 4873 regis
1244 4796 1353 4876 eapite

1027 4891 1198 4950 truncatur
1214 4910 1290 4953 cum
1309 4894 1414 4960 milite

1029 4981 1239 5063 triumphans
1258 4987 1437 5070 Porphirio.
