<?xml version="1.0" encoding="UTF-8"?>
<!DOCTYPE html PUBLIC "-//W3C//DTD XHTML 1.0 Transitional//EN"
    "http://www.w3.org/TR/xhtml1/DTD/xhtml1-transitional.dtd">
<html xmlns="http://www.w3.org/1999/xhtml" xml:lang="en" lang="en">
 <head>
  <title>
</title>
<meta http-equiv="Content-Type" content="text/html;charset=utf-8" />
  <meta name='ocr-system' content='tesseract 3.04.00' />
  <meta name='ocr-capabilities' content='ocr_page ocr_carea ocr_par ocr_line ocrx_word'/>
</head>
<body>
  <div class='ocr_page' id='page_1' title='image "./analectaliturgi00wealgoog/analectaliturgi00wealgoog_0319.png"; bbox 0 0 4116 5784; ppageno 0'>
   <div class='ocr_carea' id='block_1_1' title="bbox 469 445 1415 529">
    <p class='ocr_par' dir='ltr' id='par_1_1' title="bbox 469 445 1415 529">
     <span class='ocr_line' id='line_1_1' title="bbox 469 445 1415 529; baseline -0.014 -20"><span class='ocrx_word' id='word_1_1' title='bbox 469 459 539 529; x_wconf 82' lang='lat'><strong>312</strong></span> <span class='ocrx_word' id='word_1_2' title='bbox 763 450 905 502; x_wconf 81' lang='lat' dir='ltr'>PROSAE</span> <span class='ocrx_word' id='word_1_3' title='bbox 933 447 1134 500; x_wconf 81' lang='lat' dir='ltr'><strong>ECCLESIAE</strong></span> <span class='ocrx_word' id='word_1_4' title='bbox 1161 445 1415 499; x_wconf 80' lang='lat' dir='ltr'><strong>BELVACENSIS</strong></span> 
     </span>
    </p>
   </div>
   <div class='ocr_carea' id='block_1_2' title="bbox 774 626 1425 704">
    <p class='ocr_par' dir='ltr' id='par_1_2' title="bbox 774 626 1425 704">
     <span class='ocr_line' id='line_1_2' title="bbox 774 626 1425 704; baseline -0.006 -2"><span class='ocrx_word' id='word_1_5' title='bbox 774 631 856 704; x_wconf 88' lang='lat'><em>208.</em></span> <span class='ocrx_word' id='word_1_6' title='bbox 888 627 963 701; x_wconf 93' lang='lat' dir='ltr'><strong>DE</strong></span> <span class='ocrx_word' id='word_1_7' title='bbox 993 627 1217 702; x_wconf 85' lang='lat' dir='ltr'><strong>SANCTO</strong></span> <span class='ocrx_word' id='word_1_8' title='bbox 1250 626 1425 701; x_wconf 90' lang='lat' dir='ltr'>IVSTO.</span> 
     </span>
    </p>
   </div>
   <div class='ocr_carea' id='block_1_3' title="bbox 500 830 1043 912">
    <p class='ocr_par' dir='ltr' id='par_1_3' title="bbox 500 830 1043 912">
     <span class='ocr_line' id='line_1_3' title="bbox 500 830 1043 912; baseline -0.011 -10"><span class='ocrx_word' id='word_1_9' title='bbox 500 856 524 902; x_wconf 93' lang='lat'><strong>1.</strong></span> <span class='ocrx_word' id='word_1_10' title='bbox 550 837 700 902; x_wconf 88' lang='lat' dir='ltr'><strong>Resonet</strong></span> <span class='ocrx_word' id='word_1_11' title='bbox 716 831 864 898; x_wconf 82' lang='lat' dir='ltr'><strong>fidelium</strong></span> <span class='ocrx_word' id='word_1_12' title='bbox 883 830 1043 912; x_wconf 84' lang='lat' dir='ltr'><strong>Ecclesia,</strong></span> 
     </span>
    </p>
   </div>
   <div class='ocr_carea' id='block_1_4' title="bbox 437 965 974 1152">
    <p class='ocr_par' dir='ltr' id='par_1_4' title="bbox 437 965 974 1152">
     <span class='ocr_line' id='line_1_4' title="bbox 437 965 949 1049; baseline -0.018 -12"><span class='ocrx_word' id='word_1_13' title='bbox 437 992 442 1002; x_wconf 92' lang='lat'><strong>·</strong></span> <span class='ocrx_word' id='word_1_14' title='bbox 494 989 523 1037; x_wconf 88' lang='lat'><strong>2.</strong></span> <span class='ocrx_word' id='word_1_15' title='bbox 547 969 655 1036; x_wconf 90' lang='lat' dir='ltr'><strong>Claris</strong></span> <span class='ocrx_word' id='word_1_16' title='bbox 670 967 807 1032; x_wconf 89' lang='lat' dir='ltr'><strong>vocibus</strong></span> <span class='ocrx_word' id='word_1_17' title='bbox 824 965 949 1049; x_wconf 90' lang='lat' dir='ltr'><strong>inclyta</strong></span> 
     </span>
     <span class='ocr_line' id='line_1_5' title="bbox 492 1051 974 1152; baseline -0.021 -17"><span class='ocrx_word' id='word_1_18' title='bbox 492 1051 717 1152; x_wconf 71' lang='lat' dir='ltr'><strong>3.⁵Celebrans</strong></span> <span class='ocrx_word' id='word_1_19' title='bbox 735 1065 816 1128; x_wconf 90' lang='lat' dir='ltr'><strong>lusti</strong></span> <span class='ocrx_word' id='word_1_20' title='bbox 835 1064 952 1127; x_wconf 88' lang='lat' dir='ltr'><strong>merita</strong></span> <span class='ocrx_word' id='word_1_21' title='bbox 967 1084 974 1144; x_wconf 92' lang='lat'>;</span> 
     </span>
    </p>
   </div>
   <div class='ocr_carea' id='block_1_5' title="bbox 491 1195 899 1379">
    <p class='ocr_par' dir='ltr' id='par_1_5' title="bbox 491 1195 899 1379">
     <span class='ocr_line' id='line_1_6' title="bbox 491 1195 899 1282; baseline -0.012 -19"><span class='ocrx_word' id='word_1_22' title='bbox 491 1221 520 1281; x_wconf 91' lang='lat'><strong>4.</strong></span> <span class='ocrx_word' id='word_1_23' title='bbox 547 1197 615 1282; x_wconf 81' lang='lat' dir='ltr'><strong>Qui</strong></span> <span class='ocrx_word' id='word_1_24' title='bbox 632 1195 794 1261; x_wconf 87' lang='lat' dir='ltr'>novennis</span> <span class='ocrx_word' id='word_1_25' title='bbox 810 1195 899 1259; x_wconf 90' lang='lat' dir='ltr'><strong>clara</strong></span> 
     </span>
     <span class='ocr_line' id='line_1_7' title="bbox 495 1292 854 1379; baseline -0.017 -19"><span class='ocrx_word' id='word_1_26' title='bbox 495 1313 522 1379; x_wconf 81' lang='lat'><strong>5.</strong></span> <span class='ocrx_word' id='word_1_27' title='bbox 546 1295 671 1359; x_wconf 88' lang='lat' dir='ltr'><strong>Factus</strong></span> <span class='ocrx_word' id='word_1_28' title='bbox 687 1292 854 1376; x_wconf 85' lang='lat' dir='ltr'>prosapia,</span> 
     </span>
    </p>
   </div>
   <div class='ocr_carea' id='block_1_6' title="bbox 494 1424 900 1646">
    <p class='ocr_par' dir='ltr' id='par_1_6' title="bbox 494 1424 900 1646">
     <span class='ocr_line' id='line_1_8' title="bbox 494 1424 828 1503; baseline -0.021 -9"><span class='ocrx_word' id='word_1_29' title='bbox 494 1433 523 1494; x_wconf 92' lang='lat'><strong>6.</strong></span> <span class='ocrx_word' id='word_1_30' title='bbox 549 1427 679 1493; x_wconf 82' lang='lat' dir='ltr'><strong>Floruit</strong></span> <span class='ocrx_word' id='word_1_31' title='bbox 695 1435 733 1490; x_wconf 90' lang='lat' dir='ltr'><strong>ut</strong></span> <span class='ocrx_word' id='word_1_32' title='bbox 749 1424 828 1503; x_wconf 88' lang='lat' dir='ltr'><strong>lilia,</strong></span> 
     </span>
     <span class='ocr_line' id='line_1_9' title="bbox 494 1557 900 1646; baseline -0.012 -19"><span class='ocrx_word' id='word_1_33' title='bbox 494 1579 523 1646; x_wconf 93' lang='lat'><strong>7.</strong></span> <span class='ocrx_word' id='word_1_34' title='bbox 548 1559 632 1626; x_wconf 87' lang='lat' dir='ltr'>Fide</span> <span class='ocrx_word' id='word_1_35' title='bbox 647 1568 749 1642; x_wconf 88' lang='lat' dir='ltr'><strong>atque</strong></span> <span class='ocrx_word' id='word_1_36' title='bbox 765 1557 900 1622; x_wconf 87' lang='lat' dir='ltr'><strong>iustitia.</strong></span> 
     </span>
    </p>
   </div>
   <div class='ocr_carea' id='block_1_7' title="bbox 494 1687 1348 1874">
    <p class='ocr_par' dir='ltr' id='par_1_7' title="bbox 494 1687 1348 1874">
     <span class='ocr_line' id='line_1_10' title="bbox 495 1687 1308 1772; baseline -0.009 -15"><span class='ocrx_word' id='word_1_37' title='bbox 495 1697 523 1760; x_wconf 91' lang='lat'><strong>8.</strong></span> <span class='ocrx_word' id='word_1_38' title='bbox 548 1691 645 1757; x_wconf 84' lang='lat' dir='ltr'>Felix</span> <span class='ocrx_word' id='word_1_39' title='bbox 662 1700 802 1772; x_wconf 90' lang='lat' dir='ltr'><strong>uterque</strong></span> <span class='ocrx_word' id='word_1_40' title='bbox 817 1709 946 1772; x_wconf 88' lang='lat' dir='ltr'><strong>parens,</strong></span> <span class='ocrx_word' id='word_1_41' title='bbox 964 1689 1113 1753; x_wconf 91' lang='lat' dir='ltr'><strong>Iustinus</strong></span> <span class='ocrx_word' id='word_1_42' title='bbox 1128 1697 1162 1752; x_wconf 90' lang='lat' dir='ltr'><strong>et</strong></span> <span class='ocrx_word' id='word_1_43' title='bbox 1175 1687 1308 1764; x_wconf 85' lang='lat' dir='ltr'><strong>Felicia,</strong></span> 
     </span>
     <span class='ocr_line' id='line_1_11' title="bbox 494 1785 1348 1874; baseline -0.007 -20"><span class='ocrx_word' id='word_1_44' title='bbox 494 1810 522 1874; x_wconf 95' lang='lat'><strong>9.</strong></span> <span class='ocrx_word' id='word_1_45' title='bbox 548 1791 643 1872; x_wconf 85' lang='lat' dir='ltr'><strong>Quos</strong></span> <span class='ocrx_word' id='word_1_46' title='bbox 659 1797 730 1852; x_wconf 91' lang='lat' dir='ltr'><strong>tam</strong></span> <span class='ocrx_word' id='word_1_47' title='bbox 748 1785 842 1850; x_wconf 87' lang='lat' dir='ltr'><strong>selice</strong></span> <span class='ocrx_word' id='word_1_48' title='bbox 858 1795 939 1850; x_wconf 88' lang='lat' dir='ltr'><strong>nato</strong></span> <span class='ocrx_word' id='word_1_49' title='bbox 955 1787 1074 1850; x_wconf 86' lang='lat' dir='ltr'><strong>ditavit</strong></span> <span class='ocrx_word' id='word_1_50' title='bbox 1091 1785 1215 1852; x_wconf 88' lang='lat' dir='ltr'><strong>Christi</strong></span> <span class='ocrx_word' id='word_1_51' title='bbox 1232 1785 1348 1867; x_wconf 87' lang='lat' dir='ltr'><strong>gratia.</strong></span> 
     </span>
    </p>
   </div>
   <div class='ocr_carea' id='block_1_8' title="bbox 492 1913 855 1998">
    <p class='ocr_par' dir='ltr' id='par_1_8' title="bbox 492 1913 855 1998">
     <span class='ocr_line' id='line_1_12' title="bbox 492 1913 855 1998; baseline -0.014 -16"><span class='ocrx_word' id='word_1_52' title='bbox 492 1921 551 1982; x_wconf 91' lang='lat' dir='ltr'><strong>6a.</strong></span> <span class='ocrx_word' id='word_1_53' title='bbox 577 1915 731 1998; x_wconf 91' lang='lat' dir='ltr'><strong>Martyrii</strong></span> <span class='ocrx_word' id='word_1_54' title='bbox 747 1913 855 1997; x_wconf 90' lang='lat' dir='ltr'><strong>gloria</strong></span> 
     </span>
    </p>
   </div>
   <div class='ocr_carea' id='block_1_9' title="bbox 475 2044 1107 2220">
    <p class='ocr_par' dir='ltr' id='par_1_9' title="bbox 475 2044 1107 2220">
     <span class='ocr_line' id='line_1_13' title="bbox 475 2044 1045 2128; baseline -0.012 -14"><span class='ocrx_word' id='word_1_55' title='bbox 475 2067 521 2114; x_wconf 93' lang='lat'><strong>10.</strong></span> <span class='ocrx_word' id='word_1_56' title='bbox 546 2049 659 2113; x_wconf 92' lang='lat' dir='ltr'><strong>Iustus</strong></span> <span class='ocrx_word' id='word_1_57' title='bbox 675 2066 814 2128; x_wconf 83' lang='lat' dir='ltr'><strong>namque</strong></span> <span class='ocrx_word' id='word_1_58' title='bbox 829 2044 923 2108; x_wconf 82' lang='lat' dir='ltr'><strong>mitis</strong></span> <span class='ocrx_word' id='word_1_59' title='bbox 937 2045 1045 2108; x_wconf 78' lang='lat' dir='ltr'><strong>hostia</strong></span> 
     </span>
     <span class='ocr_line' id='line_1_14' title="bbox 476 2141 1107 2220; baseline -0.013 -9"><span class='ocrx_word' id='word_1_60' title='bbox 476 2165 522 2211; x_wconf 94' lang='lat'><strong>11.</strong></span> <span class='ocrx_word' id='word_1_61' title='bbox 547 2146 702 2220; x_wconf 68' lang='lat' dir='ltr'><strong>Futurus</strong></span> <span class='ocrx_word' id='word_1_62' title='bbox 719 2163 802 2206; x_wconf 89' lang='lat' dir='ltr'><strong>mox</strong></span> <span class='ocrx_word' id='word_1_63' title='bbox 817 2141 860 2204; x_wconf 92' lang='lat' dir='ltr'><strong>ab</strong></span> <span class='ocrx_word' id='word_1_64' title='bbox 877 2141 1018 2205; x_wconf 86' lang='lat' dir='ltr'><strong>infantia</strong></span> <span class='ocrx_word' id='word_1_65' title='bbox 1106 2155 1107 2158; x_wconf 74' lang='grc'>’</span> 
     </span>
    </p>
   </div>
   <div class='ocr_carea' id='block_1_10' title="bbox 495 2256 993 2340">
    <p class='ocr_par' dir='ltr' id='par_1_10' title="bbox 495 2256 993 2340">
     <span class='ocr_line' id='line_1_15' title="bbox 495 2256 993 2340; baseline -0.012 -16"><span class='ocrx_word' id='word_1_66' title='bbox 495 2260 556 2324; x_wconf 93' lang='lat' dir='ltr'><strong>6b.</strong></span> <span class='ocrx_word' id='word_1_67' title='bbox 582 2257 795 2340; x_wconf 85' lang='lat' dir='ltr'><strong>Contempsit</strong></span> <span class='ocrx_word' id='word_1_68' title='bbox 815 2256 993 2338; x_wconf 88' lang='lat' dir='ltr'><strong>mortalia;</strong></span> 
     </span>
    </p>
   </div>
   <div class='ocr_carea' id='block_1_11' title="bbox 480 2388 1321 2572">
    <p class='ocr_par' dir='ltr' id='par_1_11' title="bbox 480 2388 1321 2572">
     <span class='ocr_line' id='line_1_16' title="bbox 481 2388 1261 2457; baseline -0.006 0"><span class='ocrx_word' id='word_1_69' title='bbox 481 2411 527 2456; x_wconf 91' lang='lat'><strong>11.</strong></span> <span class='ocrx_word' id='word_1_70' title='bbox 552 2391 700 2457; x_wconf 89' lang='lat' dir='ltr'><strong>Studens</strong></span> <span class='ocrx_word' id='word_1_71' title='bbox 716 2388 838 2453; x_wconf 89' lang='lat' dir='ltr'><strong>divinis</strong></span> <span class='ocrx_word' id='word_1_72' title='bbox 854 2389 901 2452; x_wconf 91' lang='lat' dir='ltr'><strong>sic</strong></span> <span class='ocrx_word' id='word_1_73' title='bbox 917 2389 1089 2452; x_wconf 87' lang='lat' dir='ltr'><strong>ambiebat</strong></span> <span class='ocrx_word' id='word_1_74' title='bbox 1105 2389 1261 2453; x_wconf 84' lang='lat' dir='ltr'><strong>caelestia</strong></span> 
     </span>
     <span class='ocr_line' id='line_1_17' title="bbox 480 2486 1321 2572; baseline -0.005 -17"><span class='ocrx_word' id='word_1_75' title='bbox 480 2507 525 2572; x_wconf 90' lang='lat'><strong>13.</strong></span> <span class='ocrx_word' id='word_1_76' title='bbox 551 2487 685 2553; x_wconf 88' lang='lat' dir='ltr'><strong>Christo</strong></span> <span class='ocrx_word' id='word_1_77' title='bbox 701 2486 843 2550; x_wconf 91' lang='lat' dir='ltr'><strong>devotus</strong></span> <span class='ocrx_word' id='word_1_78' title='bbox 859 2495 897 2550; x_wconf 91' lang='lat' dir='ltr'><strong>ut</strong></span> <span class='ocrx_word' id='word_1_79' title='bbox 912 2487 1107 2551; x_wconf 82' lang='lat' dir='ltr'><strong>adhaereret</strong></span> <span class='ocrx_word' id='word_1_80' title='bbox 1124 2507 1182 2570; x_wconf 90' lang='lat' dir='ltr'><strong>per</strong></span> <span class='ocrx_word' id='word_1_81' title='bbox 1198 2487 1321 2551; x_wconf 89' lang='lat' dir='ltr'><strong>omnia.</strong></span> 
     </span>
    </p>
   </div>
   <div class='ocr_carea' id='block_1_12' title="bbox 479 2621 1731 2800">
    <p class='ocr_par' dir='ltr' id='par_1_12' title="bbox 479 2621 1731 2800">
     <span class='ocr_line' id='line_1_18' title="bbox 479 2621 1566 2705; baseline -0.005 -16"><span class='ocrx_word' id='word_1_82' title='bbox 479 2643 527 2705; x_wconf 91' lang='lat'><strong>14.</strong></span> <span class='ocrx_word' id='word_1_83' title='bbox 552 2621 650 2686; x_wconf 88' lang='lat' dir='ltr'><strong>Plura</strong></span> <span class='ocrx_word' id='word_1_84' title='bbox 666 2621 826 2684; x_wconf 89' lang='lat' dir='ltr'><strong>virtutum</strong></span> <span class='ocrx_word' id='word_1_85' title='bbox 843 2621 930 2684; x_wconf 88' lang='lat' dir='ltr'><strong>inter</strong></span> <span class='ocrx_word' id='word_1_86' title='bbox 946 2621 1089 2703; x_wconf 86' lang='lat' dir='ltr'><strong>insignia</strong></span> <span class='ocrx_word' id='word_1_87' title='bbox 1106 2622 1227 2685; x_wconf 90' lang='lat' dir='ltr'><strong>mentis</strong></span> <span class='ocrx_word' id='word_1_88' title='bbox 1244 2623 1364 2684; x_wconf 90' lang='lat' dir='ltr'><strong>meruit</strong></span> <span class='ocrx_word' id='word_1_89' title='bbox 1381 2622 1566 2704; x_wconf 86' lang='lat' dir='ltr'><strong>praesagia,</strong></span> 
     </span>
     <span class='ocr_line' id='line_1_19' title="bbox 481 2715 1731 2800; baseline -0.004 -16"><span class='ocrx_word' id='word_1_90' title='bbox 481 2733 528 2800; x_wconf 86' lang='lat'><strong>15.</strong></span> <span class='ocrx_word' id='word_1_91' title='bbox 554 2720 615 2782; x_wconf 90' lang='lat' dir='ltr'><strong>Per</strong></span> <span class='ocrx_word' id='word_1_92' title='bbox 635 2736 722 2800; x_wconf 90' lang='lat' dir='ltr'><strong>quae</strong></span> <span class='ocrx_word' id='word_1_93' title='bbox 738 2725 915 2799; x_wconf 89' lang='lat' dir='ltr'><strong>provectus</strong></span> <span class='ocrx_word' id='word_1_94' title='bbox 930 2718 1011 2781; x_wconf 91' lang='lat' dir='ltr'><strong>dum</strong></span> <span class='ocrx_word' id='word_1_95' title='bbox 1029 2737 1104 2780; x_wconf 90' lang='lat' dir='ltr'><strong>cum</strong></span> <span class='ocrx_word' id='word_1_96' title='bbox 1121 2727 1216 2800; x_wconf 91' lang='lat' dir='ltr'><strong>patre</strong></span> <span class='ocrx_word' id='word_1_97' title='bbox 1232 2739 1299 2782; x_wconf 90' lang='lat' dir='ltr'><strong>una</strong></span> <span class='ocrx_word' id='word_1_98' title='bbox 1314 2717 1428 2782; x_wconf 90' lang='lat' dir='ltr'><strong>divina</strong></span> <span class='ocrx_word' id='word_1_99' title='bbox 1449 2717 1527 2781; x_wconf 89' lang='lat' dir='ltr'><strong>fisus</strong></span> <span class='ocrx_word' id='word_1_100' title='bbox 1543 2715 1731 2794; x_wconf 87' lang='lat' dir='ltr'><strong>clementia,</strong></span> 
     </span>
    </p>
   </div>
   <div class='ocr_carea' id='block_1_13' title="bbox 480 2847 1735 3223">
    <p class='ocr_par' dir='ltr' id='par_1_13' title="bbox 480 2847 1728 3010">
     <span class='ocr_line' id='line_1_20' title="bbox 480 2847 1728 2932; baseline -0.002 -18"><span class='ocrx_word' id='word_1_101' title='bbox 480 2851 526 2914; x_wconf 93' lang='lat'><strong>16.</strong></span> <span class='ocrx_word' id='word_1_102' title='bbox 551 2849 703 2912; x_wconf 90' lang='lat' dir='ltr'><strong>Fratrem</strong></span> <span class='ocrx_word' id='word_1_103' title='bbox 719 2847 890 2931; x_wconf 88' lang='lat' dir='ltr'><strong>captivum</strong></span> <span class='ocrx_word' id='word_1_104' title='bbox 909 2849 989 2912; x_wconf 91' lang='lat' dir='ltr'><strong>urbe</strong></span> <span class='ocrx_word' id='word_1_105' title='bbox 1002 2848 1045 2912; x_wconf 90' lang='lat' dir='ltr'><strong>ab</strong></span> <span class='ocrx_word' id='word_1_106' title='bbox 1061 2856 1190 2912; x_wconf 87' lang='lat' dir='ltr'><strong>remota</strong></span> <span class='ocrx_word' id='word_1_107' title='bbox 1206 2849 1342 2912; x_wconf 87' lang='lat' dir='ltr'><strong>reduxit</strong></span> <span class='ocrx_word' id='word_1_108' title='bbox 1357 2869 1417 2931; x_wconf 87' lang='lat' dir='ltr'><strong>per</strong></span> <span class='ocrx_word' id='word_1_109' title='bbox 1433 2869 1577 2932; x_wconf 90' lang='lat' dir='ltr'><strong>superna</strong></span> <span class='ocrx_word' id='word_1_110' title='bbox 1594 2859 1728 2913; x_wconf 91' lang='lat' dir='ltr'><strong>nactum</strong></span> 
     </span>
     <span class='ocr_line' id='line_1_21' title="bbox 607 2945 737 3010; baseline 0.015 -2"><span class='ocrx_word' id='word_1_111' title='bbox 607 2945 737 3010; x_wconf 89' lang='lat' dir='ltr'><strong>indicia.</strong></span> 
     </span>
    </p>

    <p class='ocr_par' dir='ltr' id='par_1_14' title="bbox 481 3042 1735 3223">
     <span class='ocr_line' id='line_1_22' title="bbox 481 3042 1735 3126; baseline -0.001 -17"><span class='ocrx_word' id='word_1_112' title='bbox 481 3061 527 3126; x_wconf 91' lang='lat'><strong>17.</strong></span> <span class='ocrx_word' id='word_1_113' title='bbox 553 3045 738 3126; x_wconf 88' lang='lat' dir='ltr'><strong>Insequens</strong></span> <span class='ocrx_word' id='word_1_114' title='bbox 754 3043 850 3108; x_wconf 87' lang='lat' dir='ltr'><strong>lictor</strong></span> <span class='ocrx_word' id='word_1_115' title='bbox 866 3043 959 3124; x_wconf 87' lang='lat' dir='ltr'><strong>parvi</strong></span> <span class='ocrx_word' id='word_1_116' title='bbox 976 3043 1086 3106; x_wconf 90' lang='lat' dir='ltr'><strong>caedit</strong></span> <span class='ocrx_word' id='word_1_117' title='bbox 1102 3042 1198 3119; x_wconf 87' lang='lat' dir='ltr'><strong>colla,</strong></span> <span class='ocrx_word' id='word_1_118' title='bbox 1214 3043 1260 3105; x_wconf 88' lang='lat' dir='ltr'><strong>sic</strong></span> <span class='ocrx_word' id='word_1_119' title='bbox 1277 3051 1404 3126; x_wconf 86' lang='lat' dir='ltr'><strong>martyr</strong></span> <span class='ocrx_word' id='word_1_120' title='bbox 1419 3043 1502 3118; x_wconf 86' lang='lat' dir='ltr'><strong>caeli</strong></span> <span class='ocrx_word' id='word_1_121' title='bbox 1519 3043 1608 3108; x_wconf 86' lang='lat' dir='ltr'><strong>clara</strong></span> <span class='ocrx_word' id='word_1_122' title='bbox 1623 3044 1735 3119; x_wconf 87' lang='lat' dir='ltr'><strong>intrat</strong></span> 
     </span>
     <span class='ocr_line' id='line_1_23' title="bbox 608 3139 743 3223; baseline -0.007 -19"><span class='ocrx_word' id='word_1_123' title='bbox 608 3139 743 3223; x_wconf 89' lang='lat' dir='ltr'><strong>palatia,</strong></span> 
     </span>
    </p>
   </div>
   <div class='ocr_carea' id='block_1_14' title="bbox 482 3269 1310 3450">
    <p class='ocr_par' dir='ltr' id='par_1_15' title="bbox 482 3269 1310 3450">
     <span class='ocr_line' id='line_1_24' title="bbox 482 3269 1310 3366; baseline 0 -32"><span class='ocrx_word' id='word_1_124' title='bbox 482 3272 529 3336; x_wconf 89' lang='lat'><strong>18.</strong></span> <span class='ocrx_word' id='word_1_125' title='bbox 554 3271 623 3335; x_wconf 91' lang='lat' dir='ltr'><strong>Ubi</strong></span> <span class='ocrx_word' id='word_1_126' title='bbox 640 3290 728 3334; x_wconf 92' lang='lat' dir='ltr'><strong>nunc</strong></span> <span class='ocrx_word' id='word_1_127' title='bbox 747 3290 843 3366; x_wconf 82' lang='lat' dir='ltr'><strong>rosea</strong></span> <span class='ocrx_word' id='word_1_128' title='bbox 858 3269 1071 3352; x_wconf 88' lang='lat' dir='ltr'><strong>triumphans</strong></span> <span class='ocrx_word' id='word_1_129' title='bbox 1087 3270 1171 3334; x_wconf 90' lang='lat' dir='ltr'><strong>nitet</strong></span> <span class='ocrx_word' id='word_1_130' title='bbox 1187 3269 1310 3348; x_wconf 87' lang='lat' dir='ltr'><strong>laurea,</strong></span> 
     </span>
     <span class='ocr_line' id='line_1_25' title="bbox 483 3367 1119 3450; baseline -0.005 -19"><span class='ocrx_word' id='word_1_131' title='bbox 483 3386 529 3450; x_wconf 90' lang='lat'><strong>19.</strong></span> <span class='ocrx_word' id='word_1_132' title='bbox 555 3369 648 3431; x_wconf 89' lang='lat' dir='ltr'><strong>Inter</strong></span> <span class='ocrx_word' id='word_1_133' title='bbox 663 3367 804 3450; x_wconf 84' lang='lat' dir='ltr'><strong>collegia</strong></span> <span class='ocrx_word' id='word_1_134' title='bbox 820 3368 1036 3430; x_wconf 89' lang='lat' dir='ltr'><strong>innocentum</strong></span> <span class='ocrx_word' id='word_1_135' title='bbox 1055 3367 1119 3449; x_wconf 88' lang='lat' dir='ltr'><strong>pia,</strong></span> 
     </span>
    </p>
   </div>
   <div class='ocr_carea' id='block_1_15' title="bbox 481 3499 1262 3582">
    <p class='ocr_par' dir='ltr' id='par_1_16' title="bbox 481 3499 1262 3582">
     <span class='ocr_line' id='line_1_26' title="bbox 481 3499 1262 3582; baseline -0.003 -18"><span class='ocrx_word' id='word_1_136' title='bbox 481 3518 532 3566; x_wconf 92' lang='lat'><strong>20.</strong></span> <span class='ocrx_word' id='word_1_137' title='bbox 557 3499 702 3563; x_wconf 92' lang='lat' dir='ltr'><strong>Niveum</strong></span> <span class='ocrx_word' id='word_1_138' title='bbox 715 3519 859 3582; x_wconf 89' lang='lat' dir='ltr'><strong>sequens</strong></span> <span class='ocrx_word' id='word_1_139' title='bbox 875 3499 1016 3582; x_wconf 83' lang='lat' dir='ltr'><strong>Agnum</strong></span> <span class='ocrx_word' id='word_1_140' title='bbox 1033 3499 1105 3562; x_wconf 92' lang='lat' dir='ltr'><strong>sine</strong></span> <span class='ocrx_word' id='word_1_141' title='bbox 1121 3499 1262 3578; x_wconf 87' lang='lat' dir='ltr'><strong>macula,</strong></span> 
     </span>
    </p>
   </div>
   <div class='ocr_carea' id='block_1_16' title="bbox 481 3631 962 3714">
    <p class='ocr_par' dir='ltr' id='par_1_17' title="bbox 481 3631 962 3714">
     <span class='ocr_line' id='line_1_27' title="bbox 481 3631 962 3714; baseline -0.006 -16"><span class='ocrx_word' id='word_1_142' title='bbox 481 3651 531 3698; x_wconf 87' lang='lat'><strong>21.</strong></span> <span class='ocrx_word' id='word_1_143' title='bbox 559 3632 586 3698; x_wconf 83' lang='lat' dir='ltr'><strong>C</strong></span> <span class='ocrx_word' id='word_1_144' title='bbox 585 3632 624 3696; x_wconf 82' lang='lat' dir='ltr'><strong>ui</strong></span> <span class='ocrx_word' id='word_1_145' title='bbox 637 3632 683 3695; x_wconf 88' lang='lat' dir='ltr'><strong>sit</strong></span> <span class='ocrx_word' id='word_1_146' title='bbox 696 3633 771 3695; x_wconf 84' lang='lat' dir='ltr'><strong>laus</strong></span> <span class='ocrx_word' id='word_1_147' title='bbox 780 3631 962 3714; x_wconf 82' lang='lat' dir='ltr'><strong>praeclara.</strong></span> 
     </span>
    </p>
   </div>
   <div class='ocr_carea' id='block_1_17' title="bbox 482 3776 1738 4014">
    <p class='ocr_par' dir='ltr' id='par_1_18' title="bbox 482 3776 1738 4014">
     <span class='ocr_line' id='line_1_28' title="bbox 517 3776 1738 3850; baseline -0.002 -15"><span class='ocrx_word' id='word_1_148' title='bbox 517 3783 599 3836; x_wconf 88' lang='lat' dir='ltr'><strong>Cette</strong></span> <span class='ocrx_word' id='word_1_149' title='bbox 614 3781 700 3834; x_wconf 88' lang='lat' dir='ltr'><strong>Prosc</strong></span> <span class='ocrx_word' id='word_1_150' title='bbox 713 3788 756 3833; x_wconf 90' lang='lat' dir='ltr'><strong>est</strong></span> <span class='ocrx_word' id='word_1_151' title='bbox 769 3795 824 3833; x_wconf 87' lang='lat' dir='ltr'><strong>une</strong></span> <span class='ocrx_word' id='word_1_152' title='bbox 844 3776 985 3833; x_wconf 86' lang='lat' dir='ltr'><strong>imitation</strong></span> <span class='ocrx_word' id='word_1_153' title='bbox 1008 3777 1044 3832; x_wconf 92' lang='lat' dir='ltr'><strong>de</strong></span> <span class='ocrx_word' id='word_1_154' title='bbox 1063 3777 1134 3832; x_wconf 91' lang='lat' dir='ltr'><strong>celle</strong></span> <span class='ocrx_word' id='word_1_155' title='bbox 1154 3793 1209 3848; x_wconf 85' lang='lat' dir='ltr'><strong>que</strong></span> <span class='ocrx_word' id='word_1_156' title='bbox 1227 3793 1298 3830; x_wconf 91' lang='lat' dir='ltr'><strong>nous</strong></span> <span class='ocrx_word' id='word_1_157' title='bbox 1312 3793 1401 3832; x_wconf 84' lang='lat' dir='ltr'><strong>avons</strong></span> <span class='ocrx_word' id='word_1_158' title='bbox 1419 3779 1531 3848; x_wconf 67' lang='lat' dir='ltr'><strong>poblite</strong></span> <span class='ocrx_word' id='word_1_159' title='bbox 1549 3786 1580 3833; x_wconf 89' lang='lat' dir='ltr'><strong>n⁰</strong></span> <span class='ocrx_word' id='word_1_160' title='bbox 1588 3793 1630 3847; x_wconf 88' lang='lat'><strong>97.</strong></span> <span class='ocrx_word' id='word_1_161' title='bbox 1661 3781 1738 3850; x_wconf 87' lang='lat' dir='ltr'><strong>Ony</strong></span> 
     </span>
     <span class='ocr_line' id='line_1_29' title="bbox 482 3858 1736 3930; baseline -0.005 -11"><span class='ocrx_word' id='word_1_162' title='bbox 482 3873 610 3919; x_wconf 87' lang='lat' dir='ltr'><strong>retrouve</strong></span> <span class='ocrx_word' id='word_1_163' title='bbox 623 3861 717 3916; x_wconf 73' lang='lat' dir='ltr'><strong>mdme</strong></span> <span class='ocrx_word' id='word_1_164' title='bbox 730 3859 869 3914; x_wconf 87' lang='lat' dir='ltr'><strong>certaines</strong></span> <span class='ocrx_word' id='word_1_165' title='bbox 891 3859 1009 3927; x_wconf 88' lang='lat' dir='ltr'><strong>phrases</strong></span> <span class='ocrx_word' id='word_1_166' title='bbox 1023 3858 1170 3912; x_wconf 88' lang='lat' dir='ltr'><strong>textuelles</strong></span> <span class='ocrx_word' id='word_1_167' title='bbox 1190 3873 1246 3927; x_wconf 88' lang='lat' dir='ltr'><strong>que</strong></span> <span class='ocrx_word' id='word_1_168' title='bbox 1264 3873 1336 3912; x_wconf 89' lang='lat' dir='ltr'><strong>nous</strong></span> <span class='ocrx_word' id='word_1_169' title='bbox 1353 3858 1520 3930; x_wconf 88' lang='lat' dir='ltr'><strong>imprimons</strong></span> <span class='ocrx_word' id='word_1_170' title='bbox 1543 3877 1578 3914; x_wconf 88' lang='lat' dir='ltr'><strong>en</strong></span> <span class='ocrx_word' id='word_1_171' title='bbox 1597 3859 1736 3930; x_wconf 87' lang='lat' dir='ltr'><strong>italiques.</strong></span> 
     </span>
     <span class='ocr_line' id='line_1_30' title="bbox 482 3937 1550 4014; baseline -0.004 -15"><span class='ocrx_word' id='word_1_172' title='bbox 482 3946 508 3998; x_wconf 90' lang='lat' dir='ltr'>A</span> <span class='ocrx_word' id='word_1_173' title='bbox 520 3953 583 4014; x_wconf 91' lang='lat' dir='ltr'><strong>part</strong></span> <span class='ocrx_word' id='word_1_174' title='bbox 592 3943 628 3996; x_wconf 90' lang='lat' dir='ltr'><strong>de</strong></span> <span class='ocrx_word' id='word_1_175' title='bbox 638 3941 694 3996; x_wconf 68' lang='lat' dir='ltr'><strong>tres</strong></span> <span class='ocrx_word' id='word_1_176' title='bbox 707 3939 816 4009; x_wconf 65' lang='lat' dir='ltr'><strong>legeres</strong></span> <span class='ocrx_word' id='word_1_177' title='bbox 829 3938 1005 4006; x_wconf 74' lang='lat' dir='ltr'><strong>differentes,</strong></span> <span class='ocrx_word' id='word_1_178' title='bbox 1018 3937 1063 4006; x_wconf 88' lang='lat' dir='ltr'><strong>(cl.</strong></span> <span class='ocrx_word' id='word_1_179' title='bbox 1079 3937 1177 4006; x_wconf 61' lang='lat'>1849),</span> <span class='ocrx_word' id='word_1_180' title='bbox 1191 3939 1218 3992; x_wconf 88' lang='lat' dir='ltr'><strong>le</strong></span> <span class='ocrx_word' id='word_1_181' title='bbox 1226 3940 1337 4008; x_wconf 88' lang='lat' dir='ltr'><strong>rythme</strong></span> <span class='ocrx_word' id='word_1_182' title='bbox 1345 3949 1387 3994; x_wconf 86' lang='lat' dir='ltr'><strong>est</strong></span> <span class='ocrx_word' id='word_1_183' title='bbox 1398 3940 1550 4012; x_wconf 88' lang='lat' dir='ltr'><strong>identique.</strong></span> 
     </span>
    </p>
   </div>
   <div class='ocr_carea' id='block_1_18' title="bbox 713 4162 1525 4258">
    <p class='ocr_par' dir='ltr' id='par_1_19' title="bbox 713 4162 1525 4258">
     <span class='ocr_line' id='line_1_31' title="bbox 713 4162 1525 4258; baseline 0.005 -20"><span class='ocrx_word' id='word_1_184' title='bbox 713 4189 795 4258; x_wconf 86' lang='lat'>209.</span> <span class='ocrx_word' id='word_1_185' title='bbox 828 4164 902 4238; x_wconf 88' lang='lat' dir='ltr'><strong>DE</strong></span> <span class='ocrx_word' id='word_1_186' title='bbox 934 4162 1158 4238; x_wconf 86' lang='lat' dir='ltr'><strong>SANCTO</strong></span> <span class='ocrx_word' id='word_1_187' title='bbox 1189 4163 1525 4242; x_wconf 86' lang='lat' dir='ltr'>EVSTACHIO.</span> 
     </span>
    </p>
   </div>
   <div class='ocr_carea' id='block_1_19' title="bbox 525 4379 1676 5032">
    <p class='ocr_par' dir='ltr' id='par_1_20' title="bbox 525 4379 1676 5032">
     <span class='ocr_line' id='line_1_32' title="bbox 791 4379 1436 4426; baseline 0.005 -3"><span class='ocrx_word' id='word_1_188' title='bbox 791 4379 803 4423; x_wconf 93' lang='lat'>1</span> <span class='ocrx_word' id='word_1_189' title='bbox 1419 4381 1436 4426; x_wconf 90' lang='lat'><strong>2</strong></span> 
     </span>
     <span class='ocr_line' id='line_1_33' title="bbox 525 4465 1641 4550; baseline -0.004 -13"><span class='ocrx_word' id='word_1_190' title='bbox 525 4470 635 4538; x_wconf 89' lang='lat' dir='ltr'><strong>Corde</strong></span> <span class='ocrx_word' id='word_1_191' title='bbox 651 4487 745 4550; x_wconf 91' lang='lat' dir='ltr'><strong>puro,</strong></span> <span class='ocrx_word' id='word_1_192' title='bbox 762 4474 875 4528; x_wconf 86' lang='lat' dir='ltr'><strong>mente</strong></span> <span class='ocrx_word' id='word_1_193' title='bbox 894 4465 1021 4528; x_wconf 92' lang='lat' dir='ltr'><strong>munda</strong></span> <span class='ocrx_word' id='word_1_194' title='bbox 1160 4465 1277 4546; x_wconf 83' lang='lat' dir='ltr'><strong>Ignem</strong></span> <span class='ocrx_word' id='word_1_195' title='bbox 1295 4467 1432 4531; x_wconf 88' lang='lat' dir='ltr'><strong>vincens</strong></span> <span class='ocrx_word' id='word_1_196' title='bbox 1448 4479 1482 4532; x_wconf 91' lang='lat' dir='ltr'><strong>et</strong></span> <span class='ocrx_word' id='word_1_197' title='bbox 1499 4469 1641 4548; x_wconf 88' lang='lat' dir='ltr'><strong>leonem,</strong></span> 
     </span>
     <span class='ocr_line' id='line_1_34' title="bbox 525 4560 1676 4648; baseline -0.002 -17"><span class='ocrx_word' id='word_1_198' title='bbox 525 4563 716 4632; x_wconf 91' lang='lat' dir='ltr'><strong>moduletur</strong></span> <span class='ocrx_word' id='word_1_199' title='bbox 731 4583 801 4625; x_wconf 87' lang='lat' dir='ltr'><strong>vox</strong></span> <span class='ocrx_word' id='word_1_200' title='bbox 817 4561 962 4624; x_wconf 92' lang='lat' dir='ltr'><strong>iocunda</strong></span> <span class='ocrx_word' id='word_1_201' title='bbox 1157 4560 1280 4625; x_wconf 88' lang='lat' dir='ltr'><strong>Christi</strong></span> <span class='ocrx_word' id='word_1_202' title='bbox 1298 4572 1425 4645; x_wconf 91' lang='lat' dir='ltr'><strong>martyr</strong></span> <span class='ocrx_word' id='word_1_203' title='bbox 1440 4574 1517 4645; x_wconf 91' lang='lat' dir='ltr'><strong>post</strong></span> <span class='ocrx_word' id='word_1_204' title='bbox 1533 4586 1676 4648; x_wconf 86' lang='lat' dir='ltr'><strong>agonem</strong></span> 
     </span>
     <span class='ocr_line' id='line_1_35' title="bbox 567 4657 1597 4740; baseline -0.001 -14"><span class='ocrx_word' id='word_1_205' title='bbox 567 4661 649 4726; x_wconf 90' lang='lat' dir='ltr'><strong>lucis</strong></span> <span class='ocrx_word' id='word_1_206' title='bbox 664 4659 763 4722; x_wconf 90' lang='lat' dir='ltr'><strong>huius</strong></span> <span class='ocrx_word' id='word_1_207' title='bbox 779 4657 914 4740; x_wconf 87' lang='lat' dir='ltr'><strong>gaudia,</strong></span> <span class='ocrx_word' id='word_1_208' title='bbox 1197 4667 1230 4720; x_wconf 96' lang='lat' dir='ltr'><strong>et</strong></span> <span class='ocrx_word' id='word_1_209' title='bbox 1245 4659 1422 4722; x_wconf 91' lang='lat' dir='ltr'><strong>decursum</strong></span> <span class='ocrx_word' id='word_1_210' title='bbox 1440 4662 1597 4740; x_wconf 88' lang='lat' dir='ltr'><strong>stadium,</strong></span> 
     </span>
     <span class='ocr_line' id='line_1_36' title="bbox 526 4751 1566 4836; baseline -0.003 -13"><span class='ocrx_word' id='word_1_211' title='bbox 526 4761 604 4824; x_wconf 91' lang='lat' dir='ltr'><strong>Lux</strong></span> <span class='ocrx_word' id='word_1_212' title='bbox 621 4764 672 4819; x_wconf 91' lang='lat' dir='ltr'><strong>est</strong></span> <span class='ocrx_word' id='word_1_213' title='bbox 687 4763 792 4836; x_wconf 86' lang='lat' dir='ltr'><strong>grata,</strong></span> <span class='ocrx_word' id='word_1_214' title='bbox 809 4753 868 4816; x_wconf 88' lang='lat' dir='ltr'><strong>lux</strong></span> <span class='ocrx_word' id='word_1_215' title='bbox 886 4751 1034 4834; x_wconf 88' lang='lat' dir='ltr'><strong>insignis,</strong></span> <span class='ocrx_word' id='word_1_216' title='bbox 1157 4752 1255 4816; x_wconf 89' lang='lat' dir='ltr'><strong>Natis</strong></span> <span class='ocrx_word' id='word_1_217' title='bbox 1271 4754 1403 4818; x_wconf 90' lang='lat' dir='ltr'><strong>iunctus</strong></span> <span class='ocrx_word' id='word_1_218' title='bbox 1419 4765 1452 4819; x_wconf 92' lang='lat' dir='ltr'><strong>et</strong></span> <span class='ocrx_word' id='word_1_219' title='bbox 1469 4759 1566 4820; x_wconf 88' lang='lat' dir='ltr'><strong>uxori</strong></span> 
     </span>
     <span class='ocr_line' id='line_1_37' title="bbox 526 4849 1545 4939; baseline -0.006 -17"><span class='ocrx_word' id='word_1_220' title='bbox 526 4861 559 4923; x_wconf 92' lang='lat' dir='ltr'><strong>in</strong></span> <span class='ocrx_word' id='word_1_221' title='bbox 576 4875 642 4939; x_wconf 87' lang='lat' dir='ltr'><strong>qua</strong></span> <span class='ocrx_word' id='word_1_222' title='bbox 658 4853 761 4936; x_wconf 86' lang='lat' dir='ltr'><strong>digna</strong></span> <span class='ocrx_word' id='word_1_223' title='bbox 779 4853 854 4916; x_wconf 87' lang='lat' dir='ltr'><strong>Deo</strong></span> <span class='ocrx_word' id='word_1_224' title='bbox 870 4851 981 4934; x_wconf 87' lang='lat' dir='ltr'><strong>dignis</strong></span> <span class='ocrx_word' id='word_1_225' title='bbox 1156 4849 1218 4911; x_wconf 90' lang='lat' dir='ltr'><strong>hac</strong></span> <span class='ocrx_word' id='word_1_226' title='bbox 1234 4850 1268 4912; x_wconf 92' lang='lat' dir='ltr'><strong>in</strong></span> <span class='ocrx_word' id='word_1_227' title='bbox 1284 4851 1339 4913; x_wconf 93' lang='lat' dir='ltr'><strong>die</strong></span> <span class='ocrx_word' id='word_1_228' title='bbox 1355 4851 1444 4914; x_wconf 90' lang='lat' dir='ltr'><strong>visus</strong></span> <span class='ocrx_word' id='word_1_229' title='bbox 1461 4854 1545 4916; x_wconf 89' lang='lat' dir='ltr'><strong>mori</strong></span> 
     </span>
     <span class='ocr_line' id='line_1_38' title="bbox 570 4945 1567 5032; baseline -0.001 -15"><span class='ocrx_word' id='word_1_230' title='bbox 570 4949 786 5016; x_wconf 86' lang='lat' dir='ltr'><strong>conferuntur</strong></span> <span class='ocrx_word' id='word_1_231' title='bbox 801 4945 959 5031; x_wconf 86' lang='lat' dir='ltr'><strong>praemia.</strong></span> <span class='ocrx_word' id='word_1_232' title='bbox 1198 4949 1287 5012; x_wconf 90' lang='lat' dir='ltr'><strong>vitae</strong></span> <span class='ocrx_word' id='word_1_233' title='bbox 1302 4949 1391 5032; x_wconf 89' lang='lat' dir='ltr'><strong>cepit</strong></span> <span class='ocrx_word' id='word_1_234' title='bbox 1407 4949 1567 5016; x_wconf 89' lang='lat' dir='ltr'><strong>bravium.</strong></span> 
     </span>
    </p>
   </div>
   <div class='ocr_carea' id='block_1_20' title="bbox 0 0 2071 5780">
    <p class='ocr_par' dir='ltr' id='par_1_21' title="bbox 0 0 2071 5780">
     <span class='ocr_line' id='line_1_39' title="bbox 0 0 2071 5780; baseline 0 0"><span class='ocrx_word' id='word_1_235' title='bbox 0 0 2071 5780; x_wconf 95' lang='lat' dir='ltr'><strong> </strong></span> 
     </span>
    </p>
   </div>
  </div>
 </body>
</html>
