4094 5796
585 484 728 536 Pnosxa
755 483 958 536 scenasma
984 483 1274 536 xunscxvmvsm
1513 467 1559 558 63

601 665 639 726 16
978 663 1127 746 Oquam
1145 683 1305 746 magnum
1322 671 1356 727 te
1370 663 1541 746 praedicat

347 785 484 851 Cunctis
502 791 644 848 mortem
660 783 864 862 horribilem,
976 759 1113 823 bssSllica
1129 770 1323 869 00ss⁸0⁶fatfl

345 882 427 958 obis,
443 882 501 945 sed
520 878 753 957 venerabilem,
977 865 1010 918 et
1026 855 1162 967 bealufss
1180 855 1330 920 ¹¹0t¹fiC³t

347 998 422 1040 nam
440 977 483 1041 ad
502 976 612 1040 Deum
630 985 718 1039 recte
735 977 845 1058 pergis
977 952 1076 1035 gleba
1091 963 1140 1017 tur
1156 963 1334 1036 fePOYtata·

346 1074 426 1137 dum
444 1073 525 1138 vitia
540 1071 603 1135 sub
620 1081 653 1134 te
670 1073 801 1152 mergis.

345 1167 401 1234 Ad
418 1171 598 1235 dicendum
616 1189 682 1232 non
702 1168 832 1247 sufficit,
1232 1143 1268 1204 ¹8

346 1277 479 1349 tempus
496 1266 647 1349 quinimo
662 1263 785 1342 deficit,

346 1372 404 1426 tua
420 1362 509 1424 lacta
526 1362 664 1424 recitare

346 1479 431 1542 quae
447 1456 557 1520 nullus
574 1457 682 1539 quiret
695 1475 836 1520 narrare.

977 1315 1199 1398 Repulsiones
1216 1317 1422 1380 daemonum

977 1413 1203 1494 sanitatesque
1219 1411 1403 1490 hominum,

978 1507 1097 1571 referre
1113 1509 1139 1570 si
1156 1509 1378 1586 decernerem,

588 1598 638 1663 ῚΙ7
977 1603 1040 1667 sub
1056 1625 1156 1666 onere
1172 1602 1360 1682 deficerem,

346 1704 428 1768 Tres
446 1714 595 1767 mortuos
612 1705 780 1768 suscitasti
979 1699 1095 1763 Unum
1113 1711 1146 1762 te
1162 1721 1288 1781 precor,
1305 1701 1481 1782 Germane,

347 1801 461 1863 vivens
478 1798 587 1862 adhuc
605 1799 637 1861 in
654 1819 802 1882 corpore,
978 1796 1043 1878 qui,
1057 1797 1110 1878 pie
1127 1797 1359 1861 invocantibus

349 1915 454 1978 egros,
470 1893 608 1959 claudos
625 1894 779 1958 relevasti
980 1901 1023 1970 te,
1039 1893 1196 1955 subvenis
1213 1903 1282 1956 tam
1300 1893 1455 1972 humane,

350 1991 441 2054 omni
457 1989 599 2072 depulso
615 1999 758 2072 torpore.
982 1988 1064 2052 meis
1080 1990 1198 2052 adesto
1214 1989 1375 2072 precibus.

344 2115 384 2169 Le
399 2123 475 2171 texte
486 2124 531 2171 est
544 2113 691 2186 identique
703 2113 776 2169 dans
788 2113 928 2168 Redonen.

516 2321 575 2390 42.
610 2295 685 2369 DE
715 2295 754 2370 S.
780 2294 965 2370 PETRO
993 2294 1071 2368 AD
1100 2295 1360 2370 VINCVLA.

614 2467 626 2512 1
1239 2465 1261 2528 4

352 2561 417 2627 Cor
432 2563 591 2626 devotum
609 2581 678 2623 vox
694 2580 815 2623 sonora
980 2559 1111 2643 Quibus
1128 2561 1235 2638 tactis,
1251 2561 1431 2626 sanitatem

349 2667 504 2741 promant
521 2657 646 2734 laudeS,
662 2657 733 2720 sine
750 2677 853 2734 mora,
978 2665 1010 2719 et
1027 2657 1194 2739 integram
1212 2659 1412 2739 sospitatem

436 2755 534 2831 Petri,
549 2754 671 2817 summi
689 2752 850 2834 praesulis
866 2774 873 2830 ;
1067 2754 1174 2834 possit
1191 2773 1272 2816 mox
1289 2755 1444 2836 recipere.

352 2849 574 2913 Memorando
590 2849 670 2931 quid
687 2849 731 2912 sit
746 2857 888 2930 gestum,
978 2848 1074 2931 Quae
1091 2869 1265 2911 accurrens
1282 2851 1448 2916 nuntiavit

349 2966 450 3029 quare
467 2945 525 3009 fiat
541 2945 630 3008 istud
648 2944 770 3008 festum
978 2945 1074 3027 patri,
1090 2945 1146 3027 qui
1164 2965 1247 3008 mox
1264 2946 1446 3011 destinavit

435 3063 496 3125 pro
512 3041 616 3124 ipsius
632 3040 780 3104 vinculis
1067 3041 1221 3104 nuntium
1239 3040 1299 3105 has
1315 3062 1474 3124 quaerere

613 3171 631 3217 2
1244 3170 1259 3235 5

350 3269 431 3332 Dux
449 3267 610 3351 Quirinus
626 3277 860 3350 gutturnosam
978 3266 1174 3349 Solymam;
1191 3287 1275 3349 quas
1290 3268 1441 3333 osculata

349 3374 461 3428 natam
479 3365 597 3428 habuit
613 3363 794 3427 formosam
979 3373 1159 3446 postquam
1176 3363 1248 3440 fuit,
1264 3374 1314 3429 est
1329 3374 1457 3443 sanata,

434 3481 521 3544 quae
538 3460 678 3524 Balbina
695 3460 831 3523 nomine
1065 3459 1162 3540 pulso
1179 3460 1285 3523 morbi
1302 3461 1458 3542 pondere.

351 3556 553 3640 Saepissime
568 3556 724 3620 veniebat
980 3553 1035 3620 Ob
1051 3555 1114 3618 hoc
1132 3554 1254 3618 festum
1271 3555 1431 3620 celebrari

349 3653 390 3715 ad
407 3673 572 3716 carcerem
587 3662 621 3716 et
637 3651 817 3730 lambebat,
979 3670 1070 3734 papa
1085 3651 1180 3713 iussit
1196 3660 1229 3714 et
1245 3653 1377 3729 servari,

436 3768 498 3831 pro
511 3749 561 3810 sui
578 3747 772 3824 salvamine,
1066 3747 1207 3810 eductus
1222 3748 1265 3811 de
1281 3767 1421 3813 carcere.

614 3879 630 3942 3
773 3930 777 3938 ,
1242 3862 1263 3924 6

349 3974 538 4039 Alexandri
555 3993 662 4056 papae
678 3974 761 4037 dura
982 3974 1073 4055 Ergo
1092 3975 1190 4037 Petro
1206 3974 1432 4056 supplicemus

350 4069 469 4148 vincla,
485 4071 606 4152 quibus
622 4071 714 4132 omni
731 4089 809 4132 cura
982 4079 1015 4132 et
1031 4070 1154 4133 devote
1170 4069 1360 4152 flagitemus

437 4167 568 4229 vinctus
585 4175 655 4229 erat
672 4185 823 4244 carcere;
1070 4174 1107 4228 ut
1123 4165 1285 4230 dissolvat
1301 4166 1434 4230 vincula

353 4261 462 4345 Quam
480 4261 621 4325 dulciter
636 4262 816 4325 amovebat
984 4261 1211 4339 Peccatorum,
1227 4272 1260 4327 et
1276 4272 1437 4344 purgatos

351 4369 384 4422 et
400 4368 536 4422 catenas
552 4357 758 4422 admonebat
981 4357 1129 4438 excipiat
1145 4367 1179 4420 et
1196 4359 1375 4422 mundatos

438 4453 555 4519 Sancti
574 4454 661 4517 Petri
679 4473 857 4536 quaerere;
1068 4454 1101 4516 in
1119 4453 1201 4517 caeli
1218 4455 1406 4518 caenacula.

345 4584 554 4636 Manuscrlt:
578 4581 682 4650 Palus,
701 4581 773 4636 Bibl.
789 4582 855 4635 Nat.
874 4581 949 4650 1098,
960 4580 1040 4650 porte
1060 4599 1094 4635 au
1114 4581 1263 4650 catalogue
1284 4597 1396 4637 comme
1417 4582 1518 4648 Missel
1533 4583 1569 4638 de

311 4657 460 4771 Pareis'(!);
475 4661 691 4732 probablement
703 4659 803 4716 Missel
818 4663 931 4730 Breton,
943 4661 960 4714 a
970 4661 1074 4730 l’usage
1087 4660 1139 4716 des
1151 4660 1284 4732 religieux
1293 4662 1329 4716 de
1339 4661 1570 4732 Saint-Melaine,

314 4755 360 4887 κζ
374 4741 539 4875 ἲὲῖιίἳζουγίἀ
551 4821 654 4891 quibus
673 4821 802 4876 omnium
815 4839 882 4877 cura
898 4821 1025 4876 Leodien.
1050 4826 1071 4876 d
1101 4823 1266 4878 removebat
1280 4822 1410 4877 Leodien.

347 4905 390 4965 4i
418 4917 468 4956 eas
489 4901 518 4956 Υ.
533 4901 662 4955 Leodr'en.
697 4902 737 4955 Ce
747 4919 811 4956 vers
825 4920 843 4958 a
857 4919 912 4957 une
926 4903 1034 4972 syllabe
1055 4901 1091 4956 de
1112 4911 1186 4974 trop,
1205 4903 1223 4957 a
1244 4903 1338 4958 moins
1357 4903 1393 4959 de
1407 4902 1571 4960 conside'rer

313 4979 440 5034 nuntium
453 4997 566 5036 comme
575 4979 772 5050 disyllabique
805 4982 888 5038 Nous
901 4981 1065 5052 corrigeons
1078 5000 1085 5038 ε
1096 4982 1157 5038 has.
