4102 5790
588 455 730 506 PROSAE
757 455 960 507 ECCLESIAE
988 454 1246 508 LINGONENSIS
1460 475 1462 482 ·
1482 459 1550 528 129

301 649 346 696 11.
369 629 401 696 Ο
417 632 608 697 veneranda
625 633 753 711 Deitas,
769 653 835 697 una
853 631 970 696 iratres
985 635 1147 716 gemellos
1169 634 1247 699 tulit
1263 634 1371 711 arbor,
1386 655 1453 698 una
1469 648 1554 719 quos

423 727 566 791 victores
583 727 660 793 lecit
678 730 826 794 Trinitas
842 728 940 792 alma.

301 839 344 887 12.
369 822 401 888 O
417 824 616 888 admiranda
642 826 763 889 caritas
791 825 870 888 illa:
895 824 1048 889 Christus
1075 827 1108 889 in
1126 826 1218 909 ligno
1243 825 1351 890 lactus
1368 837 1418 890 est
1435 826 1554 905 hostia,

424 921 510 982 servi
526 941 659 1004 quoque
676 922 810 987 Christo
827 921 972 985 reddunt
987 922 1109 986 debita.
1132 973 1136 982 .

303 1068 348 1131 13.
372 1051 452 1114 Post
467 1051 632 1116 immensa
648 1051 821 1135 supplicia,
838 1052 926 1134 passi
943 1053 1022 1116 estis
1038 1053 1201 1131 incendia,
1217 1053 1303 1117 sicut
1318 1063 1385 1117 tres
1408 1055 1502 1136 pueri
1519 1054 1551 1117 in

428 1145 609 1212 Chaldaea.
1486 1171 1489 1178 ·

305 1260 350 1322 14.
372 1241 484 1306 Adest
511 1243 662 1307 Verbum
685 1245 792 1308 Patris
820 1264 896 1322 una,
912 1253 1009 1327 grata
1025 1244 1134 1308 serens
1151 1245 1327 1328 praesidia,
1349 1256 1562 1328 pugnantum

429 1338 580 1402 solamen
597 1349 631 1404 et
646 1341 813 1404 diadema.
1349 1363 1350 1368 ’

308 1483 351 1550 15.
374 1471 539 1549 Tandem,
566 1473 683 1538 donati
709 1473 831 1550 laurea,
858 1473 901 1538 ab
929 1473 1058 1556 angelis
1083 1475 1126 1538 ad
1153 1475 1322 1539 caelorum
1340 1495 1452 1558 regna,
1467 1477 1565 1543 hoste

430 1567 573 1647 devicto,
589 1568 742 1634 translati
759 1571 840 1634 estis
855 1591 931 1634 cum
949 1570 1071 1654 palma.

307 1663 351 1727 16.
376 1661 532 1730 Salvator
547 1665 619 1748 ipse
633 1686 773 1730 munera
786 1667 986 1750 repromissa
998 1667 1225 1744 concedendo,
1240 1666 1330 1730 clara
1344 1667 1419 1732 Deo
1431 1668 1565 1732 Parenti

430 1781 490 1824 vos
506 1761 631 1825 obtulit
646 1783 746 1845 super
761 1773 859 1827 astra.

307 1905 352 1969 17.
376 1888 475 1954 Nunc
491 1891 646 1974 petimus,
672 1901 783 1956 vestra
811 1901 848 1956 ut
873 1912 935 1956 nos
955 1893 1140 1956 emundent
1167 1891 1232 1956 iam
1257 1902 1401 1975 precata,
1417 1893 1564 1974 'graviter

430 2007 515 2070 quos
532 1997 691 2051 accusant
707 1987 839 2053 delicta.

307 2085 353 2147 18.
377 2082 416 2146 In
443 2083 548 2147 domo
574 2099 727 2168 superna,
754 2084 852 2148 nobis
877 2094 995 2168 parate
1022 2084 1106 2148 lucis
1133 2084 1216 2162 loca,
1243 2105 1309 2148 una
1336 2105 1412 2149 cum
1444 2095 1561 2155 sancta

432 2179 586 2244 Leonilla
599 2201 607 2259 ;

308 2329 354 2392 19.
377 2310 447 2376 Ubi
463 2321 542 2376 ante
557 2311 716 2376 thronum
734 2312 798 2376 Dei
815 2313 1055 2377 decantemus:
1071 2311 1228 2377 Alleluia.

343 2465 554 2516 Manuscrlts.
578 2462 693 2518 Parus:
714 2460 787 2516 Bibl.
802 2461 880 2531 Nat,
897 2475 976 2530 9442,
998 2461 1099 2516 Missel
1126 2461 1162 2515 de
1187 2462 1321 2531 Langres,
1341 2459 1402 2514 xiiie
1414 2460 1508 2528 siecle,
1529 2460 1563 2514 L.

307 2541 367 2609 879,
381 2539 482 2595 Missel
496 2541 532 2594 de
546 2540 642 2612 Dijon‚
656 2547 703 2596 xve
716 2541 809 2610 siecle,
823 2541 857 2597 P.
880 2541 1052 2596 AanLott:
1075 2541 1147 2596 Bibl.
1168 2541 1204 2596 de
1222 2541 1250 2596 la
1269 2539 1352 2610 Ville,
1369 2555 1390 2609 1,
1411 2539 1511 2594 Missel
1526 2540 1562 2594 de

307 2622 440 2690 Langres‚
457 2635 533 2690 1419,
546 2621 624 2676 AM.

340 2749 355 2802 3
375 2735 440 2804 Qua
452 2741 553 2788 sancta
565 2733 639 2790 AM.
653 2735 809 2804 Lingonen.

342 2827 355 2883 5
375 2823 475 2869 sancta
487 2824 567 2884 parte
580 2813 677 2884 petitis
691 2815 723 2870 P.
875 2821 879 2828 ’

342 2905 357 2960 7
378 2893 476 2949 Nolite
488 2895 563 2949 AM.
589 2911 654 2950 curn
667 2893 786 2949 victoria
797 2893 832 2949 P.

326 2987 357 3026 1o
374 2990 427 3028 nos
441 2973 475 3042 (l)
488 2974 525 3028 ad
537 2991 645 3044 agones
658 2975 733 3029 AM.

326 3067 358 3120 14
374 3055 563 3124 pugnantium
576 3054 611 3108 P.
624 3053 709 3123 AM.,
722 3061 817 3124 rompt
830 3053 856 3109 le
869 3052 988 3123 rythme.

326 3134 357 3188 16
375 3152 526 3192 munerare
539 3135 683 3207 promissa
694 3134 729 3190 P.

325 3214 355 3268 18
374 3215 569 3271 Parallelisme
582 3213 724 3287 imparfait
738 3215 756 3269 a
768 3214 796 3270 la
808 3214 846 3269 fin
860 3213 896 3270 de
909 3221 984 3269 cette
996 3211 1131 3268 clausule.

539 3451 596 3542 84.
631 3449 705 3522 DE
736 3445 962 3522 sancto
990 3441 1326 3519 u111c13u110.

334 3688 358 3737 1.
380 3670 510 3735 Victori
528 3670 603 3734 Deo
619 3668 757 3734 laudum
774 3667 952 3751 praeconia
969 3664 1088 3730 reserat
1104 3663 1256 3747 gaudens
1273 3661 1433 3738 Ecclesia,

331 3821 357 3868 2.
382 3803 467 3868 Cum
484 3803 556 3867 dies
572 3802 711 3866 celebris
727 3821 840 3865 annua
856 3798 984 3864 revehit
1001 3797 1128 3861 mundo
1143 3794 1276 3879 gaudia.

331 3917 357 3980 3.
382 3899 521 3965 Sonoris
538 3897 675 3962 vocibus
690 3897 803 3962 dulcia
818 3897 974 3961 concinat
990 3893 1111 3958 chorus
1127 3893 1268 3956 cantica.

329 4045 358 4107 4.
382 4027 531 4111 Oquam
549 4026 729 4092 recolenda
743 4027 871 4090 instant
881 4023 1074 4100 sollemnia;
1091 4019 1242 4084 exsultat
1253 4037 1342 4081 nunc
1352 4018 1462 4080 omnis
1475 4017 1569 4093 orda,

335 4233 362 4300 5.
384 4122 700 4303 Viffildgldithtdge
714 4219 809 4283 terris
826 4218 917 4282 edita
932 4215 1082 4298 iungitur
1097 4231 1232 4296 gemma
1257 4209 1436 4292 splendida
1453 4209 1485 4271 in
1503 4209 1570 4291 poli

441 4335 542 4399 regia.

335 4447 363 4510 6.
388 4446 419 4512 O
436 4447 603 4524 Vincenti,
619 4448 702 4511 sacri
720 4455 816 4529 parta
832 4443 893 4507 tibi
910 4442 1019 4526 pretio
1034 4437 1206 4521 sanguinis
1222 4437 1367 4499 donatur
1382 4433 1502 4498 laurea.

337 4557 364 4622 7.
388 4541 474 4608 Cum
490 4552 682 4608 sanctorum
699 4543 802 4607 choro
819 4541 997 4624 spirituum
1014 4537 1119 4600 victor
1136 4531 1288 4616 gloriaris
1305 4531 1337 4593 in
1359 4530 1446 4594 stola
1471 4551 1575 4596 rosea.

339 4675 366 4736 8.
391 4672 501 4756 Quam
518 4675 624 4758 digna
639 4674 726 4756 geris
740 4671 897 4754 martyris
909 4667 1064 4751 insignia,
1073 4663 1223 4748 praemia
1238 4661 1287 4725 tui
1305 4659 1444 4738 laboris;
1460 4663 1578 4742 poenis

445 4771 631 4835 succedunt
647 4778 784 4833 aeterna
799 4767 932 4850 gaudia.

338 4882 367 4948 9.
390 4865 447 4930 Ad
464 4865 521 4930 illa
537 4865 661 4930 milites
677 4865 822 4929 tendunt
838 4861 1031 4936 certamina,
1048 4855 1239 4938 talibusque
1255 4851 1434 4916 bellatores
1456 4867 1578 4948 ornant

408 5021 410 5024 .
446 4961 616 5046 trophaeis
632 4971 666 5025 et
682 4969 777 5026 tanta
793 4959 908 5042 gloria.

440 5101 454 5135 Β
1504 5093 1519 5136 9
