4116 5784
485 497 555 568 322
789 494 931 545 PROSAE
959 494 1163 546 ECCLESIAE
1190 495 1444 546 ABRINCENSIS

601 767 681 836 215.
716 743 773 815 IN
806 741 1256 816 TRANSLATIONE
1287 743 1325 816 S.
1347 743 1639 818 ANDREAE.

794 971 806 1016 1

530 1113 654 1176 Fontes
673 1113 772 1195 Elym
790 1114 934 1176 universi

529 1228 588 1291 per
604 1209 735 1273 diversa
752 1221 826 1272 sunt
842 1211 983 1292 dispersi

571 1315 648 1387 post
664 1307 828 1369 donorum
846 1309 987 1388 gratiam
1005 1329 1012 1386 ;

529 1399 584 1464 Sic
604 1401 768 1480 Andreas,
784 1403 833 1465 vir
849 1403 997 1486 insignis,

527 1495 602 1574 fide,
618 1496 716 1576 sama,
733 1498 838 1575 iactis,
854 1500 968 1581 signis,

572 1593 700 1656 invadit
716 1594 891 1658 Achaiam.

789 1787 807 1832 2

528 1937 591 2000 Per
606 1937 693 2000 hunc
710 1938 814 2001 credit
832 1939 909 2001 urbs
928 1938 1066 2016 Nicena‚

526 2052 628 2115 aqua
646 2034 709 2096 Dei
727 2035 775 2096 vir
792 2043 931 2115 septena

569 2129 667 2192 eiecit
682 2129 862 2192 daemonia
875 2151 882 2208 ;

526 2223 585 2287 Ab
600 2225 725 2288 eisdem
744 2224 925 2288 suffocatus

526 2319 608 2384 vivit
624 2341 706 2404 puer
721 2321 909 2398 suscitatus¹

569 2425 654 2480 teste
671 2417 877 2481 Nicomedia.

788 2609 804 2672 3

526 2762 675 2844 Surgunt
691 2763 790 2828 simui
806 2765 923 2829 decem
939 2775 1066 2849 quater,

525 2879 666 2941 quorum
683 2861 810 2942 primus
828 2861 1021 2944 Philopater

568 2957 716 3038 perpessi
733 2957 906 3040 naufragia
921 2980 927 3030 ;

525 3049 674 3128 Caelum,
692 3061 777 3115 terra
794 3064 1033 3131 commovetur,

523 3166 625 3227 purus
641 3169 723 3230 puer
740 3159 775 3211 ut
792 3158 952 3230 purgetur

566 3263 586 3306 a
603 3243 717 3308 matris
734 3243 908 3307 calumnia.

1419 975 1441 1034 4

1161 1115 1321 1178 luvocata
1338 1116 1445 1179 Patris
1461 1117 1592 1194 dextra,

1160 1209 1282 1274 multos
1299 1220 1396 1274 sanat
1413 1212 1511 1288 intua,
1529 1222 1636 1290 extra,

1144 1311 1150 1324 '
1203 1307 1315 1370 multis
1332 1327 1464 1389 pressos
1479 1307 1577 1384 vitiis,

1158 1402 1260 1466 Luxu
1277 1403 1385 1466 carnis
1403 1402 1579 1482 involut0S‚

1157 1518 1283 1576 caecoS‚
1299 1499 1446 1575 claudun
1462 1501 1589 1576 surdos,
1602 1510 1721 1577 mutos,

1200 1594 1355 1658 obsessos
1371 1595 1566 1660 daemoniis.

1421 1786 1435 1851 5

1159 1939 1260 2016 Hunc
1277 1939 1411 2021 Aegeas
1427 1939 1617 2018 carceravit,

1153 2034 1242 2097 hunc
1259 2044 1399 2118 septena
1416 2034 1599 2116 flagellavit

1202 2131 1429 2194 ministrorum
1446 2131 1554 2194 ternio
1567 2152 1575 2210 ;

1156 2225 1310 2289 Tandem
1327 2246 1457 2289 crucem
1472 2225 1639 2302 salutavit,

1157 2321 1189 2384 in
1206 2342 1273 2403 qua
1288 2323 1439 2404 pendens
1456 2322 1660 2404 praedicavit

1199 2417 1323 2480 biduali
1340 2418 1458 2500 spati0.

1415 2600 1437 2660 6

1157 2767 1248 2832 Luce
1264 2769 1347 2833 caeli
1363 2770 1604 2852 circumseptus

1155 2865 1212 2928 diu
1229 2866 1365 2928 demum
1383 2875 1434 2931 est
1450 2867 1592 2950 adeptus

1198 2962 1397 3042 repromissa
1413 2963 1536 3044 gaudia
1550 2985 1558 3042 ;

1156 3055 1223 3120 Sed
1241 3055 1375 3138 Aegeas
1392 3057 1438 3120 sic
1454 3059 1614 3140 deceptus

1152 3171 1264 3214 coram
1281 3152 1410 3216 cunctis
1426 3163 1477 3218 est
1493 3164 1653 3237 arreptus,

1198 3247 1327 3329 spirans
1344 3248 1376 3310 in
1395 3249 1534 3314 miseria.

871 3580 901 3662 O
920 3579 1067 3660 Andrea,
1084 3583 1141 3665 qui
1157 3593 1348 3648 sanctorum

870 3676 960 3739 mitis
976 3697 1012 3739 es
1027 3697 1066 3745 ac
1082 3678 1165 3759 piuS,
1182 3679 1320 3742 chorum

912 3763 1001 3826 hunc
1018 3764 1153 3829 Christo
1169 3767 1330 3848 concilia;

871 3857 920 3922 Ut
938 3857 1085 3922 fruamur
1100 3881 1218 3925 omnes
1235 3883 1302 3926 una

869 3972 968 4035 quam
986 3954 1160 4036 psalmista
1178 3959 1262 4040 petit
1279 3979 1344 4024 una
1459 3951 1460 3956 ἵ

911 4050 944 4112 in
962 4050 1097 4114 caelesti
1114 4054 1231 4134 patria.

476 4235 477 4238 ’
514 4242 524 4280 1
541 4244 561 4280 a
595 4229 790 4298 L'expression
806 4229 908 4282 Fontes
920 4229 1006 4298 Elym
1020 4230 1138 4300 designe
1152 4231 1186 4287 ici
1198 4233 1238 4288 les
1252 4234 1339 4290 douze
1354 4236 1482 4306 Apdtres.
1497 4239 1538 4295 Ce
1551 4238 1734 4310 symbolisme

475 4317 518 4360 est
528 4307 657 4378 frequent
667 4309 740 4364 dans
754 4309 795 4362 les
807 4318 922 4362 auteurs
936 4308 973 4362 du
988 4311 1177 4382 Moyen·Age.

469 4399 473 4408 ·
510 4401 557 4454 30
587 4387 713 4458 peperssi
728 4389 762 4458 (t)
776 4389 927 4442 Abrincen.

508 4479 524 4532 7
539 4472 557 4520 d
570 4485 586 4521 e
597 4530 601 4536 ¹
619 4468 747 4522 Allusion
762 4485 800 4522 au
810 4477 903 4522 verset
915 4467 951 4521 du
966 4486 1083 4538 psaume
1096 4489 1102 4526 :
1121 4473 1213 4527 Unam
1220 4475 1294 4544 petii
1305 4495 1323 4528 ιι
1336 4476 1467 4548 Domino,
1480 4479 1555 4536 hanc
1565 4481 1711 4550 requiram
1722 4499 1733 4537 .·

472 4551 506 4598 ut
515 4547 667 4601 inhabilem
677 4550 708 4601 in
721 4549 803 4602 domo
811 4548 934 4600 Domini
943 4550 1073 4604 omnibus
1084 4553 1180 4608 dicbus
1192 4557 1270 4608 vitm
1283 4573 1364 4612 meac.
