4102 5790
629 493 770 544 PROSAE
797 493 1001 544 ECCLESIAE
1029 495 1322 546 HAMBVRGENSIS
1516 502 1582 574 195

327 676 376 754 46.
401 673 454 736 De
467 672 601 735 Lancea
614 679 648 734 et
661 671 783 749 clavis,
799 671 1002 754 Sequentia:
1034 673 1355 755 Hodiernaefestnm
1365 675 1453 740 lucis.
1486 679 1529 742 K.
1537 692 1586 759 54.

326 785 377 851 47.
401 770 454 834 De
467 769 572 832 Beata
584 766 734 848 Virgine,
747 767 951 850 Sequentia:
982 768 1064 845 Ave,
1076 767 1205 847 Maria,
1212 768 1328 851 gratia
1336 769 1443 851 plena.
1467 773 1585 854 K.264.

327 869 377 945 48.
553 913 569 940 „
832 913 847 941 „
982 864 1368 930 Laetnbnndnsensultet.
1401 867 1498 947 K.13.

329 979 378 1042 49,
556 1009 572 1034 „
835 1009 851 1034 „
957 1001 958 1006 κ
987 959 1110 1036 Gaude,
1127 960 1252 1035 Maria,
1272 962 1432 1042 templum.
1465 965 1585 1046 K.302.

332 1073 378 1138 50.
554 1105 571 1131 ‚,
834 1105 850 1132 „
992 1055 1129 1118 Verbum
1146 1056 1263 1119 bonnm
1279 1066 1310 1119 et
1324 1078 1431 1122 snave.
1464 1061 1585 1128 K.268.

333 1167 379 1234 51.
557 1200 573 1226 „
835 1200 851 1214 ..
983 1151 1067 1226 Ave,
1092 1151 1191 1234 Virga
1199 1152 1360 1234 gratiosa.
1392 1155 1511 1237 K.279.

332 1263 378 1329 52.
555 1296 571 1323 „
833 1295 849 1323 „
991 1246 1128 1328 Virgini
1142 1247 1278 1312 Mariae
1291 1246 1404 1312 landes
1418 1254 1587 1318 concinant
1630 1327 1633 1333 ¹

458 1341 651 1408 Christiani.
682 1342 805 1420 K.233.

593 1647 1326 1752 132.DESANCTOANTONIO.
1380 1733 1384 1740 .

354 1983 378 2028 1.
400 1962 569 2029 Canentes
587 1961 753 2026 Salvatori
772 1960 880 2024 laudis
897 1980 1090 2024 resonemus
1107 1963 1240 2044 gratias

350 2113 376 2160 2.
401 2092 543 2158 Famulo
558 2091 616 2174 qui
633 2090 703 2155 Suo
720 2091 824 2153 vitam
841 2090 935 2153 dedit
947 2089 1110 2168 Antonia,

351 2209 376 2272 3.
400 2190 538 2254 Viveret
554 2207 621 2269 qua
638 2206 771 2268 semper
786 2186 938 2267 gaudens
954 2197 1092 2250 aeterno
1102 2189 1236 2268 gaudia

348 2341 375 2402 4
400 2320 533 2385 Gaudet
550 2338 638 2381 nunc
655 2318 687 2380 in
705 2316 814 2394 caelis,
830 2317 862 2379 in
880 2317 975 2379 terris
992 2317 1128 2381 calicem
1146 2319 1264 2382 bibens
1282 2319 1429 2396 Domini,

352 2431 376 2498 5.
400 2416 586 2480 Dominum
603 2413 659 2496 qui
679 2413 787 2477 nudus
804 2421 947 2488 secutus
963 2433 1161 2496 suppressus
1177 2416 1283 2478 crucis
1299 2417 1401 2492 oneri,

349 2549 376 2613 6.
401 2547 452 2612 Ut
467 2546 573 2610 levius
589 2545 773 2620 scanderet,
790 2554 959 2625 spreverat
976 2555 1097 2609 cuncta
1113 2547 1324 2628 temporalia,

350 2660 378 2724 7.
402 2643 454 2707 Ne
471 2651 559 2706 retro
574 2640 800 2723 deprimerent
817 2640 977 2703 virtutum
991 2641 1061 2704 alas
1077 2644 1148 2705 auri
1165 2643 1323 2724 pondera.

350 2777 376 2838 8.
402 2774 457 2839 Sic
483 2771 622 2836 Domini
650 2770 704 2833 hic
732 2771 845 2852 iugum
875 2773 950 2836 tulit
975 2773 1018 2835 ab
1042 2773 1203 2850 infantia3
1228 2783 1261 2836 et
1285 2773 1422 2836 imitans
1451 2773 1588 2857 loseph,

455 2868 594 2952 pallium
613 2867 783 2948 Egyptiae
799 2867 899 2931 herae
915 2869 1106 2950 relinquens
1122 2869 1287 2946 manibus,

348 2984 376 3047 9.
401 2965 491 3029 Hinc
511 2961 665 3026 stabilem
687 2962 775 3025 hunc
797 2960 862 3026 fide
883 2973 993 3028 servat
1014 2965 1215 3040 innocentia,
1234 2965 1315 3027 dum
1337 2965 1477 3028 visitans
1499 2965 1584 3029 Pau·

333 3131 336 3139 ¹
454 3060 524 3123 lum
541 3059 597 3141 qui
613 3059 697 3122 vidit
713 3059 883 3121 horrentia
900 3059 994 3142 lugat
1009 3060 1120 3122 verbis
1138 3079 1204 3122 non
1223 3060 1384 3123 manibus.

332 3207 374 3254 10.
400 3187 466 3251 Hic
497 3185 610 3268 lupam
642 3187 800 3268 sequitur,
830 3187 918 3249 viam
951 3187 1115 3264 nescienS,
1146 3207 1211 3270 qua
1245 3186 1385 3251 Paulum
1418 3207 1587 3271 quaerere,

454 3291 603 3362 venerat3

332 3399 375 3445 11.
400 3380 466 3445 Sed
485 3379 560 3442 Deo
576 3378 717 3442 credidit
734 3399 801 3460 quo
818 3399 896 3442 narn
913 3380 1056 3442 dueatur
1073 3379 1121 3442 uti
1139 3378 1310 3442 meliorem
1328 3379 1450 3444 videat.

331 3527 374 3574 12.
398 3509 581 3591 Comperto
612 3509 726 3592 itaque
758 3508 862 3572 Paulo
893 3520 1118 3587 conversatur,
1134 3510 1213 3573 visis
1239 3511 1344 3592 gestis
1372 3511 1579 3588 aedificatur,

454 3605 647 3669 muneribus
663 3605 891 3687 spiritualibus
908 3607 1043 3670 ditatur.

329 3719 374 3784 13.
399 3703 444 3768 Et
460 3721 579 3765 corvus
603 3701 708 3777 adest,
726 3701 904 3781 prandium
929 3711 1155 3783 praeparatur,
1173 3703 1302 3766 medius
1319 3704 1416 3785 panis
1437 3704 1585 3784 integra-

452 3808 515 3875 tur,
532 3797 692 3860 militibus
709 3795 833 3860 Christi
850 3816 984 3860 annona
1000 3797 1202 3879 duplicatur.

331 3949 375 4010 14.
401 3928 573 4010 Duplicati
590 3937 627 3991 ut
644 3927 810 3990 salvemur
822 3937 856 3991 et
872 3947 1009 4009 corpore
1026 3936 1059 3990 et
1076 3928 1194 4008 spiritu
1208 3927 1296 3989 hunc
1314 3928 1583 4010 deprecemur....

332 4041 378 4107 15.
402 4027 502 4090 Pater
519 4043 625 4086 senex
645 4025 843 4100 venerande,
862 4033 898 4086 tu
919 4043 980 4085 nos
996 4021 1150 4099 defende,
1166 4033 1268 4102 tuere,
1285 4033 1319 4086 et
1336 4023 1440 4087 libera
1456 4023 1499 4086 ab
1510 4025 1587 4106 igne

457 4119 650 4195 Gehennae,
1548 4137 1551 4143 ’

333 4249 377 4310 16.
400 4245 453 4309 Tu
470 4245 568 4308 nobis
584 4243 734 4307 sub'sidio
751 4243 848 4306 sistas
865 4243 897 4306 in
914 4243 1083 4324 praesidio
1099 4252 1172 4306 toto
1189 4243 1390 4307 venerabilis
1407 4263 1500 4308 aevo,

348 4435 374 4472 tt
397 4429 427 4474 ut
443 4417 588 4473 meliorem
604 4417 797 4486 Hambnrgen.
826 4418 864 4472 Le
878 4417 990 4485 rythme
1003 4417 1084 4487 exige
1098 4420 1151 4472 uti.

347 4513 376 4552 12
396 4497 569 4568 spiritalibus
583 4496 778 4566 Hamburgen.
801 4497 840 4568 Le
854 4497 963 4564 rythme
977 4498 1059 4566 exige
1072 4496 1284 4567 spiritualibus.

348 4593 379 4646 13
397 4577 489 4633 corvis
503 4577 698 4646 Hambnrgen.
712 4575 809 4629 n’oll're
823 4592 874 4645 pas
888 4575 924 4630 de
938 4593 1011 4630 sens.

350 4671 380 4724 14
397 4656 489 4728 Apres
508 4655 584 4710 hunc
602 4656 782 4725 deprecemur
792 4655 859 4724 cinq
872 4655 995 4724 syllabes
1009 4665 1073 4709 sont
1087 4652 1223 4723 tombees,
1237 4672 1269 4709 ce
1285 4654 1331 4724 qui
1351 4665 1444 4725 rompt
1459 4656 1485 4710 le
1498 4659 1589 4726 paral-

329 4736 444 4792 lelisme.
468 4737 509 4790 La
522 4734 601 4805 piece
615 4735 693 4789 etant
714 4733 898 4802 assonancee,
916 4735 1061 4804 gehennae
1074 4736 1110 4789 de
1124 4737 1152 4788 la
1172 4735 1299 4788 clausule
1317 4748 1345 4804 15
1360 4744 1434 4789 reste
1449 4735 1509 4789 seul
1523 4753 1591 4791 sans

330 4832 494 4872 assonance.
