4094 5796
763 517 906 570 PROSAE
933 511 1135 566 ECCLESIAE
1162 505 1451 560 ANDEGAVENSIS

782 712 801 778 7
1152 688 1252 752 lllum
1269 685 1384 750 deiicis
1400 703 1418 744 e
1434 683 1557 747 throno

1152 783 1326 848 subulcum
1345 791 1428 845 nutu
1445 778 1560 844 divino

1152 901 1213 963 pro
1230 880 1287 943 illo
1304 899 1414 962 regem
1432 875 1552 941 statuis

1153 977 1208 1059 qui
1225 986 1258 1040 te
1274 977 1366 1058 pavit
1383 975 1426 1037 de
1441 970 1581 1056 pascuis.

523 831 660 895 Referre
675 828 814 892 virtutes
831 844 955 908 quaero

523 951 615 1014 quas,
631 929 736 992 maior
752 925 890 989 effectus
905 925 1003 1000 clero,

523 1028 700 1110 episcopus
716 1021 891 1106 perfecisti,
980 1023 982 1030 '

524 1125 672 1188 imitator
689 1121 795 1184 factus
812 1117 945 1182 Christi.
1408 1141 1444 1188 12

523 1219 660 1284 Transis
677 1237 798 1300 nempe
815 1216 847 1278 in
865 1211 1026 1295 Angliam

523 1318 565 1380 ad
582 1314 761 1397 pessimam
781 1310 951 1392 Pelagiam

523 1410 687 1476 haeresim
706 1405 978 1490 perabolendam‚

522 1519 556 1572 et
572 1506 672 1570 fidem
690 1504 789 1567 doces
806 1500 997 1566 tenendam.

1155 1277 1243 1340 Nam
1260 1275 1401 1339 vitulum
1419 1274 1620 1356 saginatum,

1152 1392 1213 1455 pro
1228 1381 1263 1435 te
1280 1372 1351 1435 neci
1369 1371 1585 1444 destinatum,

1151 1488 1249 1551 prece
1265 1467 1339 1531 fusa
1354 1464 1530 1530 destinasti

1153 1563 1251 1626 matri
1267 1583 1347 1627 suae
1362 1562 1542 1627 redonasti.

785 1655 803 1716 8
1154 1659 1242 1723 Illud
1259 1679 1393 1742 quoque
1403 1678 1503 1741 quam
1519 1657 1717 1732 mirandum,

1153 1777 1253 1839 quam
1286 1776 1457 1839 magnum,
1477 1774 1577 1836 quam
1608 1753 1737 1836 praedi-

1569 1849 1739 1931 [candum

1152 1948 1301 2012 recolens
1317 1948 1392 2031 quis
1409 1967 1474 2011 non
1493 1953 1664 2028 stupescat

1150 2053 1184 2110 et
1201 2052 1313 2108 mente
1329 2064 1390 2108 sua
1406 2042 1601 2107 dulcescat?

526 1807 722 1891 Hospitium
740 1803 885 1867 Parisius

522 1909 650 1973 habens
667 1924 799 1986 semper
816 1909 928 1964 mente
946 1899 1019 1980 pius

523 2002 729 2070 Genovefam
747 2008 898 2062 sanctam
915 1993 1003 2058 nosti
1017 2013 1024 2070 ;

522 2101 685 2184 virginem
703 2097 837 2162 Christo
853 2089 999 2156 sacrasti.

524 2196 718 2261 Infirmatus
734 2189 882 2275 hospitio
1409 2209 1445 2274 13

524 2293 610 2376 ignis
626 2290 745 2372 flagrat
761 2285 927 2362 colluvio;

523 2389 645 2453 domus
661 2405 721 2468 per
736 2394 795 2447 tua
813 2382 933 2444 merita

523 2503 590 2568 qua
606 2483 720 2546 stabas
736 2489 786 2542 est
802 2476 979 2541 custodita.

1155 2346 1319 2411 Sanctum
1336 2363 1435 2406 vocas
1452 2341 1652 2407 Cassianum

1154 2443 1197 2506 de
1212 2441 1345 2506 tumulo
1363 2440 1566 2516 Eduanum;

1154 2539 1235 2602 dicit
1251 2558 1286 2600 se
1302 2535 1413 2600 fruens
1430 2535 1541 2617 quiete

784 2647 805 2711 9
1154 2654 1230 2698 curn
1248 2633 1383 2698 Christo
1401 2632 1476 2694 lesu
1493 2635 1637 2713 perpete

1155 2730 1291 2793 Placida
1307 2729 1421 2810 regina
1437 2727 1492 2809 pia

1154 2837 1188 2890 te
1204 2825 1336 2888 vocavit
1352 2843 1370 2886 e
1387 2823 1506 2898 Gallia,

1155 2920 1321 2984 delectata
1337 2918 1516 2981 sanctitate

1153 3027 1212 3081 tua
1228 3026 1329 3098 atque
1345 3015 1479 3097 pietate.

527 2787 572 2850 Et
588 2805 665 2850 ecce
681 2803 757 2846 cum
775 2776 997 2844 transfretasti

525 2883 636 2946 Pictos
653 2879 782 2961 Anglia
798 2875 921 2958 fugasti

523 2987 556 3042 et
574 2977 730 3044 Saxones
745 2983 781 3036 ut
797 2970 935 3054 signifer

524 3075 640 3140 Crucis
655 3090 790 3154 quoque
805 3064 980 3132 vexillifer.

524 3174 678 3256 Repente
694 3170 788 3232 iubes
804 3166 949 3230 clamare
1409 3189 1448 3251 14

523 3267 732 3334 Christianos
749 3273 782 3328 et
798 3271 943 3336 cantare,

522 3364 568 3426 sic
584 3363 698 3426 hostes
715 3361 785 3422 sine
802 3357 965 3438 sanguine
1152 3336 1328 3400 Rusticum
1346 3332 1652 3416 Ps0fe0t1¹390ftass

522 3460 700 3523 vincuntur
717 3456 814 3519 mersi
831 3453 976 3516 flumine,
1151 3453 1227 3498 cum
1245 3431 1333 3494 fasce
1349 3429 1436 3494 collo
1452 3435 1671 3510 transportaS,

1154 3537 1336 3593 torrentem
1353 3525 1433 3588 dum
1450 3522 1677 3606 pertransires,

780 3621 818 3667 ¹0
1154 3623 1352 3688 charitatem
1369 3641 1411 3684 ne
1428 3621 1582 3684 nescires,

1156 3721 1402 3802 Exspectatum
1421 3717 1637 3781 Ravennates

1154 3825 1188 3880 te
1203 3815 1371 3896 suscipere
1388 3822 1574 3896 magnates,

1154 3932 1231 3975 curn
1248 3911 1363 3993 regina
1378 3918 1413 3973 et
1428 3909 1564 3992 populO,

1155 4007 1303 4072 obviavit
1321 4006 1385 4070 Dei
1402 4005 1537 4070 famulo.

524 3761 646 3827 Ortum
664 3759 744 3820 item
761 3753 956 3838 pestiferum

524 3858 651 3940 dogma
666 3853 747 3917 inibi
764 3851 938 3914 haeresum

524 3954 636 4017 denuo
652 3951 730 4014 illue
747 3948 915 4032 profectus

524 4069 641 4112 omnes
657 4045 793 4127 corrigis
809 4040 968 4106 defectus.

526 4145 631 4226 Regis
648 4141 772 4207 Christi
788 4149 821 4202 te
838 4135 1000 4200 famulum
1411 4169 1446 4235 15

525 4249 691 4305 monstras
707 4254 831 4299 vocans
848 4229 1048 4312 discipulum

524 4334 654 4401 tumulo
670 4352 745 4396 cum
763 4341 796 4395 te
813 4327 932 4392 affatur
1157 4313 1316 4377 Delatum
1333 4311 1394 4374 tibi
1412 4317 1580 4372 mortuum

525 4452 596 4496 csse
612 4431 697 4495 bene
714 4448 749 4491 se
766 4434 915 4490 testatur.
1157 4408 1287 4471 asinum
1305 4403 1508 4468 resuscitasti
1523 4423 1530 4480 ;

1154 4503 1306 4566 oblatum
1322 4519 1445 4581 equum
1463 4497 1628 4581 optimum

1156 4619 1283 4680 pauper
1299 4595 1422 4660 Christi
1440 4592 1601 4657 refutasti.

526 4707 618 4772 Dum
635 4708 677 4769 ad
697 4702 827 4784 Anglos
844 4699 1053 4782 praedicares
1155 4696 1309 4757 Instante
1325 4693 1414 4754 vitae
1431 4691 1576 4752 termino

524 4807 566 4868 ad
583 4805 777 4882 bonumque
793 4813 990 4878 provocares
1158 4789 1258 4852 finem
1275 4798 1370 4851 tuum
1387 4785 1586 4868 cognovisti,

524 4901 610 4983 regis
625 4894 733 4962 Vaffri
750 4892 911 4956 duriciam
1155 4895 1189 4948 et
1206 4884 1374 4947 revelante
1391 4882 1540 4944 Domino

522 5013 702 5076 concrepas
718 4999 752 5052 et
768 4987 946 5068 ignaviam.
1154 4979 1283 5044 caelum
1303 4977 1460 5043 exultans
1476 4975 1599 5060 petisti.

779 4583 812 4628 II
