4094 5796
664 565 805 618 PROSAE
832 565 1036 616 ECCLESIAE
1062 564 1282 616 VCECIENSIS
1568 565 1603 612 ll

415 785 446 856 3.
481 761 538 834 IN
573 760 1019 834 PVRlFlCATlONE
1052 759 1277 832 BEATAE
1310 760 1543 832 MARIAE.

649 929 660 973 1
1273 931 1296 990 4

395 1031 475 1095 Post
490 1031 665 1114 impletum
683 1031 867 1095 stabilitum
1026 1032 1122 1096 Tunc
1139 1041 1172 1095 et
1188 1032 1292 1096 Anna
1313 1032 1385 1095 sine
1402 1053 1496 1097 mora

395 1136 527 1210 tempus
544 1128 626 1210 legis
643 1127 740 1190 iuxta
756 1127 866 1204 ritum,
1024 1129 1124 1205 venit,
1138 1149 1280 1191 noscens
1296 1128 1352 1191 illa
1365 1129 1448 1192 hora

438 1223 545 1306 Virgo
561 1225 633 1286 sine
650 1223 780 1286 macula
1068 1223 1249 1301 Christum,
1267 1225 1330 1287 Dei
1349 1224 1471 1288 Filium

397 1319 505 1382 Intrat
521 1319 694 1401 templum,
710 1319 818 1382 serens
834 1320 959 1382 Natum
1024 1320 1063 1382 In
1081 1321 1168 1384 hunc
1186 1321 1348 1384 mundum
1365 1322 1550 1400 advenisse,

396 1415 428 1477 in
446 1415 587 1478 salutem
606 1415 702 1478 nobis
719 1417 845 1492 datum,
1022 1425 1122 1498 atque
1142 1437 1277 1480 carnem
1299 1418 1520 1498 assumpsisse

438 1511 494 1594 qui
512 1512 691 1594 praecessit
707 1511 849 1576 saecula.
1068 1533 1128 1594 pro
1145 1512 1252 1576 salute
1269 1513 1430 1594 gentium.

644 1645 663 1690 2
1280 1645 1294 1711 5

395 1743 505 1828 Quem
522 1746 669 1828 suscepit
681 1745 768 1810 inter
781 1765 900 1809 manus
1023 1747 1110 1826 lesu,
1125 1749 1220 1812 cuius
1237 1749 1268 1811 in
1283 1748 1419 1826 honore,

394 1849 529 1906 sanctus
546 1841 601 1906 ille
616 1852 794 1906 veteranus
1023 1842 1082 1921 Te,
1098 1845 1220 1923 devoti,
1237 1866 1331 1908 sacro
1344 1866 1447 1922 more,

364 2019 366 2022 Ι
439 1938 587 2020 Symeon
605 1959 680 2002 cum
698 1939 832 2020 gaudio.
1067 1942 1216 2004 accensis
1230 1941 1422 2019 luminibus,

397 2033 621 2116 Exspectarat
638 2035 725 2098 hunc
742 2043 931 2112 venturum,
1025 2036 1251 2099 Recensemus
1268 2047 1518 2119 praesentatum

397 2129 554 2194 Israelem
571 2130 834 2213 redempturum,
1007 2122 1078 2194 ¹die
1094 2133 1166 2209 ista,
1177 2141 1210 2195 et
1227 2131 1379 2196 oblatum

438 2227 556 2308 grandi
570 2227 745 2291 desiderio.
1069 2227 1157 2292 Patri
1174 2248 1250 2291 cum
1269 2227 1470 2304 muneribus,

647 2365 664 2429 3
1285 2353 1306 2414 6

394 2475 479 2540 Viso
490 2497 569 2540 vero
584 2477 731 2554 ¹salutari,
1024 2479 1106 2553 Nos,
1122 2478 1262 2542 obtentu
1274 2477 1455 2542 Genitricis

394 2592 567 2654 perquem
584 2573 686 2637 habet
702 2593 784 2655 gens
798 2573 952 2636 mundari
1020 2574 1141 2638 nostris
1157 2574 1253 2637 victis
1270 2574 1421 2649 inimicis

438 2669 570 2749 penitus
587 2689 607 2731 a
622 2669 770 2745 crimine,
1063 2669 1115 2733 sae
1131 2690 1207 2733 eum
1226 2669 1329 2732 Anna
1343 2669 1453 2744 vidua,

395 2763 494 2827 Dixit
511 2785 637 2828 senex:
655 2765 754 2828 Nunc
770 2765 914 2829 dimittis
1028 2767 1162 2829 Etcum
1182 2766 1270 2828 iusto
1288 2765 1458 2846 Symeone

397 2879 449 2922 me
466 2861 498 2922 in
516 2880 608 2941 pace,
620 2881 751 2924 summe
764 2861 863 2940 mitis,
1025 2860 1100 2924 Tua
1117 2861 1178 2924 frui
1192 2861 1320 2923 visione

439 2975 570 3019 servum
584 2956 705 3034 Tuum,
723 2957 878 3021 Domine.
1071 2958 1102 3018 in
1120 2976 1203 3039 pace
1219 2965 1391 3038 perpetua.

388 3099 470 3154 Cette
485 3099 576 3170 Prose,
584 3117 656 3154 nous
670 3111 713 3155 est
726 3101 838 3156 donnee
851 3102 924 3174 dans
937 3103 963 3156 le
979 3101 1079 3155 Missel
1093 3100 1197 3155 d’Uzes
1207 3117 1272 3155 sous
1286 3101 1312 3154 le
1320 3117 1389 3153 nom
1398 3100 1434 3154 de
1446 3100 1608 3154 Guillanme

353 3177 388 3232 de
403 3178 570 3247 Mandagot.
593 3181 617 3233 Il
637 3197 673 3234 en
695 3191 739 3235 est
759 3181 795 3236 de
817 3181 910 3236 meme
930 3181 982 3235 des
1004 3181 1138 3234 numeros
1156 3195 1201 3249 19,
1221 3196 1259 3248 10,
1277 3194 1317 3246 11,
1334 3194 1364 3232 12
1378 3189 1407 3234 et
1424 3193 1455 3246 13
1468 3196 1522 3249 que
1536 3197 1608 3233 nous

352 3257 482 3326 publions
496 3257 625 3328 ci-apres.
642 3255 838 3314 L’attribution
851 3271 895 3316 est
905 3260 962 3316 tres
976 3260 1122 3330 probable,
1136 3259 1201 3314 bien
1217 3276 1272 3330 que
1292 3275 1364 3312 nous
1378 3260 1496 3327 n’ayons
1510 3259 1608 3312 trouve

352 3337 427 3391 nulle
437 3347 500 3407 part
512 3336 686 3393 l'indication
697 3356 752 3409 que
766 3341 927 3394 Guillanme
941 3340 976 3394 de
991 3338 1150 3408 Mandagot
1164 3339 1203 3392 ait
1217 3338 1353 3408 compose
1367 3337 1419 3391 des
1434 3337 1544 3391 Proses.
1553 3338 1608 3392 Ces

351 3433 501 3470 morceaux
510 3427 559 3472 ont
572 3418 613 3473 les
626 3417 784 3474 caracteres
792 3420 829 3474 de
837 3420 865 3474 la
873 3420 911 3473 fin
925 3419 962 3474 du
976 3417 1118 3473 treizieme
1128 3417 1221 3472 siecle.
1236 3418 1274 3471 Ils
1285 3427 1351 3471 sont
1364 3434 1402 3470 un
1416 3433 1471 3486 peu
1482 3417 1608 3484 obscurs,

351 3495 423 3550 mais
436 3495 501 3550 bien
514 3497 641 3565 rythmes
654 3509 681 3552 et
695 3498 900 3570 theologiques.
915 3499 1075 3553 Guillanme
1089 3497 1125 3551 de
1141 3496 1299 3564 Mandagot
1313 3495 1381 3550 etait
1395 3497 1431 3548 ne
1445 3496 1461 3548 ὲ
1477 3495 1590 3549 Lodeve
1604 3517 1611 3561 ;

351 3573 370 3628 il
387 3575 429 3629 fut
443 3575 619 3630 archidiacre
631 3577 667 3630 de
682 3579 708 3630 N
711 3577 792 3646 lmes,
805 3579 904 3648 prevdt
926 3578 962 3633 de
986 3578 1137 3646 Toulouse,
1151 3576 1330 3645 archeveque
1343 3575 1502 3629 d’Embrun
1517 3575 1610 3642 (1295)

351 3664 379 3708 et
392 3653 474 3708 d’Aix
485 3653 586 3724 (1311),
600 3656 727 3710 cardinal
740 3657 848 3728 eveque
858 3659 894 3712 de
910 3657 1069 3712 Palestrine
1084 3655 1186 3724 (1312).
1203 3656 1225 3708 ll
1234 3654 1383 3710 contribua
1393 3653 1411 3707 a
1423 3654 1451 3707 la
1464 3653 1611 3708 redaction

352 3734 390 3788 du
404 3734 508 3788 Sextus
520 3751 587 3789 sous
602 3735 738 3790 Boniface
752 3737 845 3805 Vlll.,
860 3738 900 3792 sut
913 3737 1005 3806 grand
1018 3736 1074 3790 ami
1090 3736 1126 3789 de
1145 3753 1177 3789 ce
1193 3751 1274 3805 pape,
1289 3743 1317 3788 et
1330 3733 1438 3788 deceda
1449 3733 1467 3785 a
1480 3733 1612 3802 Avignon

353 3829 388 3867 au
401 3815 473 3868 mois
487 3813 523 3868 de
537 3814 563 3867 N
567 3816 700 3869 ovembre
717 3829 791 3883 1321.
808 3817 831 3869 ll
840 3817 906 3886 ysut
915 3816 1027 3871 enterre
1036 3816 1109 3869 dans
1122 3813 1229 3882 legiise
1244 3811 1518 3868 Salute-Cathenne.
1530 3813 1554 3866 ll
1569 3824 1612 3868 est

351 3892 405 3947 sort
424 3893 561 3962 probable
576 3910 631 3964 que
653 3894 693 3948 les
709 3896 812 3949 Proses
823 3895 871 3966 qui
888 3896 926 3950 lui
941 3906 1005 3950 sont
1024 3893 1180 3949 attribuees
1201 3894 1294 3947 iurent
1316 3890 1488 3946 introduites
1502 3891 1575 3946 dans
1585 3893 1612 3946 le

357 3972 457 4026 Missel
474 3972 577 4026 d’Uzes
597 3990 649 4042 par
671 3990 723 4027 son
737 3989 827 4028 neveu
843 3975 1005 4029 Guillanme
1019 3975 1054 4028 de
1070 3973 1239 4042 Mandagot,
1252 3971 1299 4043 qui
1313 3988 1423 4041 occupa
1444 3989 1477 4025 ce
1488 3970 1565 4039 siege
1578 3971 1614 4025 de

360 4053 454 4118 1310a
470 4066 545 4119 1344.
560 4053 838 4108 Malheureusement
851 4071 923 4108 nous
937 4055 1054 4108 n’avons
1073 4071 1110 4124 pu
1130 4051 1278 4107 decouvrir
1290 4067 1383 4106 aucun
1403 4050 1558 4104 manuscrit
1578 4052 1614 4105 de

357 4129 461 4199 l'eglise
474 4130 577 4186 d'Uzes
590 4132 776 4188 anterieurau
792 4133 892 4188 Missel
905 4133 941 4187 de
958 4147 1034 4203 ¹495·

575 4315 609 4382 4.
641 4291 715 4365 DE
746 4293 784 4367 S.
805 4285 1085 4367 ΙΟΗΑΝΝΕΙ
1109 4291 1394 4367 BAPTISTA.

654 4460 665 4505 1
1280 4459 1297 4504 2

404 4559 495 4622 Inter
512 4569 609 4622 natos
623 4561 810 4639 mulierum,
1032 4563 1130 4625 Pater
1145 4581 1261 4636 senex,
1277 4570 1385 4623 mater
1398 4579 1492 4635 anus,

403 4663 437 4714 ut
454 4663 596 4718 testatur
614 4655 766 4720 Verbum
783 4679 909 4735 verum,
1032 4678 1116 4740 quos
1130 4655 1288 4719 secundat
1303 4655 1366 4716 Dei
1382 4674 1510 4728 manus,

448 4749 552 4812 maior
573 4768 673 4813 nemo
689 4753 813 4832 prodiit
1076 4753 1224 4835 gaudent
1241 4751 1427 4831 puerperio.

405 4841 587 4906 Salvatoris
604 4864 826 4926 praecursore,
983 4857 986 4862 '
1031 4847 1234 4911 Prohibebat
1252 4854 1385 4926 partum
1403 4853 1497 4905 aetas

404 4937 496 5000 cuius
512 4949 605 5001 ortus
623 4941 706 5003 miro
721 4962 812 5005 more
1032 4942 1214 5006 iuventutis
1228 4939 1314 5002 ultra
1332 4949 1439 5001 metas

447 5033 537 5096 miris
555 5035 659 5113 signis
676 5035 804 5100 claruit.
1071 5037 1272 5100 laborabant
1289 5035 1390 5096 senio.
