4096 5794
503 502 574 594 586
804 520 946 572 vnosna
973 519 1175 572 acccasma
1202 517 1480 571 cunnucrausrs

529 703 614 794 418.
648 700 705 772 IN
738 698 1185 774 TRANSLATIONE
1217 695 1422 772 SANCTl
1456 697 1740 771 EDWOLDI.

531 909 554 954 r.
580 890 679 955 Unus
695 898 745 952 est
763 889 929 952 Dominus
946 908 990 952 ex
1007 909 1074 972 quo
1090 889 1203 952 omnia
1220 909 1227 966 ;

527 1039 554 1084 2.
580 1019 695 1084 Unum
713 1017 790 1082 iecit
808 1018 921 1082 Adam
939 1026 972 1081 et
989 1037 1032 1080 ex
1049 1038 1090 1082 eo
1106 1027 1226 1082 cuncta
1244 1016 1418 1081 hominum
1435 1037 1567 1099 genera,

528 1132 554 1194 3.
580 1114 764 1197 Unumque
781 1113 954 1177 Abraham
972 1113 1208 1194 multiplicavit
1223 1122 1386 1194 tanquam
1403 1111 1485 1174 caeli
1502 1112 1619 1176 sidera.

525 1266 555 1326 4.
581 1247 658 1330 lpse
680 1246 781 1310 etiam
807 1253 960 1310 sanctum
990 1244 1191 1310 Edwoldum
1219 1245 1381 1308 vitantem
1410 1253 1541 1327 sceptra
1567 1253 1600 1308 et
1626 1245 1763 1328 agmina

638 1343 808 1406 mundana

528 1453 553 1520 5.
580 1437 749 1503 Inclusum
767 1437 835 1501 vita
851 1435 999 1502 solitaria
1015 1435 1100 1500 fetat
1116 1445 1193 1519 post
1208 1445 1299 1500 astra
1314 1435 1441 1498 familia
1457 1445 1602 1513 aeterna,

528 1571 556 1632 6.
581 1567 678 1652 Quae
693 1577 827 1632 nuncet
842 1587 974 1651 semper
990 1577 1102 1632 mente
1117 1589 1264 1654 voceque
1281 1567 1348 1632 lida

530 1681 558 1744 7.
583 1665 716 1728 Laudat
732 1665 765 1728 in
783 1664 856 1746 ipso
874 1665 1012 1728 Domini
1029 1665 1219 1747 magnalia;

532 1796 559 1858 8.
586 1795 675 1859 Huic
691 1793 800 1858 adhuc
817 1794 982 1858 aestuanti
999 1813 1143 1876 superna
1159 1793 1305 1858 culmina
1321 1815 1388 1877 qua
1403 1793 1579 1858 scanderet
1595 1793 1692 1870 scala,

530 1909 560 1973 9.
584 1891 660 1974 Qua
679 1890 742 1954 Dei
760 1889 852 1954 fieret
867 1889 977 1953 hostia
994 1889 1103 1954 locum
1119 1891 1317 1954 denominat
1333 1891 1441 1974 gratia
1456 1891 1580 1968 divina,

514 2043 559 2088 10.
585 2023 787 2089 Aemulatus
803 2023 1003 2088 sanctissimi
1022 2020 1130 2086 fratris
1148 2022 1319 2087 Edmundi
1336 2023 1423 2104 regis
1439 2023 1607 2105 martyria,

514 2139 561 2184 11.
587 2120 718 2184 Mavult
733 2120 826 2202 sequi
843 2120 886 2182 ad
903 2119 1007 2184 ardua
1023 2138 1125 2200 quam
1142 2119 1184 2182 ad
1202 2117 1317 2182 infima
1332 2118 1510 2182 succedere
1526 2138 1637 2200 regna.

515 2266 562 2317 12:
587 2253 659 2316 Iam
677 2251 845 2334 praecelsa
861 2251 1022 2332 adeptum
1039 2251 1189 2333 proemia
1205 2250 1414 2334 praefulgida
1429 2251 1552 2314 docent
1567 2250 1662 2332 signa
1678 2271 1685 2326 ;

516 2367 563 2428 13.
587 2349 644 2412 Ad
661 2366 754 2412 sacra
770 2346 869 2412 busta
885 2347 967 2410 lucis
983 2345 1139 2410 columna
1154 2345 1242 2410 hunc
1260 2356 1425 2411 monstrat
1439 2347 1482 2411 de
1496 2346 1590 2410 caelo
1610 2345 1689 2409 lusa.

517 2499 562 2561 ¹4·
590 2480 691 2542 Hunc
707 2487 740 2542 et
757 2487 846 2542 recta
861 2477 1001 2561 vestigia
1018 2479 1163 2561 produnt
1179 2479 1300 2544 claudo
1316 2480 1454 2556 reddita,

518 2591 563 2655 15.
589 2577 633 2638 Et
650 2595 758 2638 rerum
776 2576 867 2657 prius
883 2575 999 2657 ignara
1014 2595 1133 2640 caecae
1149 2584 1248 2639 natae
1264 2576 1398 2640 lumina.

518 2707 562 2769 16.
589 2707 716 2770 Haeret
732 2705 870 2786 scopulo
887 2703 986 2767 fixior
1002 2705 1108 2770 sancti
1125 2705 1233 2789 gleba,

518 2819 563 2882 17.
588 2803 633 2865 Et
649 2810 758 2864 cassat
775 2810 895 2864 cuncta
910 2811 1107 2866 cunctorum
1126 2803 1298 2866 molimina
1312 2825 1319 2882 ;

516 2931 560 2992 18.
586 2929 641 2992 Ad
659 2928 848 2994 Cernelium
865 2931 1003 2994 tandem
1020 2930 1188 2994 destinata
1203 2931 1292 2994 cedit
1309 2930 1495 3010 levissima;

517 3043 562 3106 ¹9·
587 3026 672 3089 Mox
689 3045 773 3090 unus
790 3025 878 3090 tollit
893 3046 992 3108 quem
1011 3045 1077 3089 non
1096 3035 1249 3109 poterant
1266 3028 1439 3092 hominum
1458 3027 1570 3092 millia.

513 3172 563 3219 20.
587 3153 697 3238 Quem
714 3165 890 3238 poscentes
907 3155 1052 3220 salubria
1067 3166 1100 3219 et
1117 3167 1312 3240 spernentes
1329 3158 1418 3221 subit
1435 3177 1552 3240 poena,

513 3268 562 3314 21.
587 3252 691 3316 Cuius
707 3251 871 3316 violantes
887 3249 972 3315 festa
989 3253 1162 3334 increpant
1179 3263 1271 3316 mota
1286 3253 1428 3318 aethera.

514 3399 563 3444 22.
588 3381 670 3445 Dux
685 3391 809 3460 sancte,
825 3391 883 3444 tua
900 3381 997 3445 nobis
1014 3401 1114 3464 posce
1130 3382 1264 3464 gaudia.

549 3511 741 3637 Mapppscrit.
765 3507 954 3559 cinnamon
968 3523 974 3560 ι
995 3505 1068 3560 Bibl.
1082 3505 1118 3560 de
1131 3505 1324 3578 l’Universite,
1338 3506 1535 3578 sequentiaire
1549 3505 1585 3560 cle
1596 3507 1699 3572 Cerne,
1711 3522 1777 3559 vers

518 3598 592 3651 1400,
659 3625 665 3638 .

568 3758 650 3826 419.
686 3734 743 3806 ΙΝ
779 3735 1166 3810 DEPOSITIONE
1196 3735 1401 3812 SANCTl
1436 3737 1720 3812 EDWOLDl.

823 3941 834 3985 1

559 4022 631 4100 Eia,
648 4041 751 4100 musa,
768 4032 869 4105 tange
886 4023 1001 4104 lyram,
1186 4023 1263 4107 Quo
1279 3941 1468 4108 perempto?
1479 4033 1610 4107 sceptra
1625 4020 1752 4104 sprevit

601 4117 690 4181 clara
706 4119 790 4181 dans
806 4118 993 4201 praeconia,
1232 4120 1341 4183 fratris
1356 4121 1406 4183 sui
1423 4120 1523 4202 regia,

561 4213 808 4276 Harmonizans
825 4213 994 4276 Eduvoldi
1188 4217 1378 4298 Peripsema
1394 4216 1457 4279 sibi
1474 4236 1628 4299 quaeque

602 4319 728 4392 quanta
744 4310 811 4372 sint
827 4309 980 4391 insignia.
1232 4312 1302 4374 visa
1317 4322 1396 4376 sunt
1413 4313 1587 4377 terrestria

820 4511 837 4558 2
1009 4529 1011 4532 .
1276 4485 1373 4549 senx
1393 4419 1578 4550 ediusus

1187 4583 1238 4645 cui
1255 4579 1317 4645 suit
1333 4602 1401 4645 vox
1419 4603 1582 4666 praesaga

559 4677 626 4739 Hic
642 4685 679 4738 ut
688 4675 898 4756 stipulantur
914 4674 1011 4737 nobis
1231 4680 1278 4740 sic
1294 4677 1409 4740 dicens
1425 4679 1599 4761 angelica:

602 4770 852 4853 irrefragabilia,
1275 4777 1291 4805 “
1310 4772 1418 4854 Surge
1433 4772 1583 4852 festinus,

560 4869 616 4931 Ex
633 4867 806 4930 Edmundi
822 4887 955 4930 carnem
972 4867 1071 4930 duxit
1187 4868 1313 4931 iontem
1331 4889 1453 4951 quaere
1475 4870 1688 4952 Argenteum

602 4961 717 5026 basilei
735 4963 898 5048 prosapia.
1234 4965 1349 5052 lingua
1365 4965 1491 5036 dictum
1509 4966 1663 5058 Anglica.
