4108 5794
512 580 585 631 210
831 581 974 631 PROSAE
1001 577 1205 631 ECCLESIAE
1231 580 1473 632 SENONENSIS

515 834 595 906 139.
615 808 691 884 DE
711 809 749 883 S.
771 809 997 884 IOHANN
1007 812 1039 885 E
1060 810 1216 885 ANTE
1237 811 1469 886 PORTAM
1489 809 1766 888 LATINAM.

820 1064 832 1110 1
1315 1045 1575 1122 commendavit,

1314 1161 1416 1224 quam
1433 1143 1559 1205 amavit

642 1179 705 1244 Em
721 1201 893 1256 canssum'
1227 1257 1304 1300 vere
1316 1257 1415 1320 super
1430 1238 1553 1301 omnia.

596 1295 737 1358 agamus
752 1297 828 1340 cum
841 1277 967 1360 gaudio

600 1372 760 1436 Iohannis
777 1373 962 1438 sollemnia.
1446 1359 1468 1421 6

817 1526 835 1570 2
1317 1479 1373 1542 Ex
1389 1479 1452 1542 hac
1468 1479 1532 1555 die,

1316 1575 1391 1656 pius
1407 1575 1463 1656 pie

599 1645 709 1730 Quem
727 1645 894 1709 Dominus
911 1645 1033 1727 posuit,
1316 1670 1499 1734 custodivit

597 1743 757 1826 quoniam
774 1741 820 1804 sic
836 1740 952 1820 ¹uoluit,
1316 1775 1350 1830 et
1365 1766 1510 1843 servivit,

599 1839 632 1901 in
648 1847 744 1904 tanta
761 1837 936 1914 munditia,
1228 1862 1300 1926 sine
1316 1882 1382 1945 qua
1399 1863 1534 1940 iniuria;

599 1933 649 2000 Ut
664 1943 811 1998 servaret
827 1936 990 2016 virginem
1007 1999 1010 2004 ,
1317 1957 1434 2021 Donec
1450 1959 1520 2021 vita

597 2029 690 2094 illum
707 2040 861 2093 sanctum
878 2029 1060 2107 hominem,
1315 2051 1463 2115 stabilita

597 2127 745 2209 gratuita
760 2127 879 2209 gratia.
1166 2137 1171 2146 '
1315 2147 1378 2210 sibi
1395 2147 1467 2224 suit,

817 2281 835 2344 3
1319 2255 1352 2308 et
1368 2243 1494 2327 placuit

890 2401 896 2414 ,
1231 2339 1306 2404 Deo
1321 2341 1401 2404 dare
1416 2341 1575 2423 praemia.

599 2404 645 2468 Et
660 2411 737 2485 post
752 2399 976 2484 apostolicum

599 2499 677 2563 iecit
692 2497 941 2572 duodecimum,
1447 2477 1466 2544 7

597 2595 713 2658 divina
727 2593 915 2668 clementia,
1187 2575 1326 2656 Propter
1342 2573 1442 2638 fidem
1460 2574 1635 2638 Trinitatis

599 2691 684 2756 Cum
701 2699 832 2774 patrem
851 2686 998 2752 deseruit
1185 2681 1219 2734 et
1234 2691 1383 2735 amorem
1401 2671 1548 2734 Deitatis

599 2795 632 2851 et
648 2807 688 2850 ea
704 2806 791 2870 quae
804 2784 922 2848 habuit
1185 2767 1359 2830 exsulatus
1376 2787 1395 2830 a
1412 2767 1520 2848 patria

598 2883 775 2966 dereliquit
791 2879 914 2945 omnia,
1185 2862 1301 2944 pulsus
1317 2873 1367 2926 est
1383 2883 1459 2925 cum
1477 2862 1611 2941 iniuria,

1186 2957 1255 3024 Ubi
1271 2979 1394 3022 vacans
1412 2959 1487 3022 Deo
1503 2957 1565 3020 soli

813 3036 837 3096 4
1185 3064 1299 3136 raptus
1316 3055 1358 3118 ad
1375 3073 1532 3136 suprema
1548 3053 1617 3136 poli

599 3155 702 3219 Felici
718 3153 930 3230 commercio,
1186 3149 1279 3212 novit
1297 3149 1360 3212 Dei
1379 3151 1538 3231 mysteria

597 3273 659 3336 pro
676 3252 806 3315 minuto
822 3251 941 3333 pretio,
1187 3264 1274 3326 quae
1289 3243 1372 3308 fiunt
1389 3247 1421 3308 in
1441 3245 1601 3309 Ecclesia.

506 3433 508 3438 Ι
598 3358 811 3412 commutans
828 3345 1006 3424 terrestria,
1449 3371 1467 3432 3

598 3443 724 3526 recepit
740 3441 905 3506 caelestia

1187 3479 1218 3546 Ο
1238 3479 1414 3556 lohannes,
1432 3481 1507 3542 Deo
1523 3499 1609 3557 care,

1187 3596 1207 3638 a
1222 3577 1368 3658 peccatis
1385 3577 1554 3640 declinare

1318 3673 1351 3734 in
1368 3672 1430 3736 hac
1443 3674 1512 3734 vita

1318 3767 1369 3831 sac
1386 3788 1448 3831 nos
1464 3769 1511 3831 ita

1188 3881 1375 3926 mereamur
1391 3871 1428 3926 ut
1438 3863 1597 3945 proemia,

818 3975 834 4042 5
971 3991 974 3995 ¹
1188 3959 1237 4024 Ut
1253 3979 1312 4041 per
1328 3979 1413 4041 opus
1429 3960 1573 4041 pietatis,

1185 4074 1261 4118 cum
1279 4065 1462 4136 augmento
1478 4055 1661 4132 charitatis,

1316 4151 1421 4212 simus
1437 4150 1548 4212 cuncti

1318 4245 1393 4308 Deo
1407 4247 1510 4308 iuncti

1229 4343 1262 4404 in
1279 4341 1414 4405 caelesti
1431 4341 1547 4424 patria.

599 3540 639 3602 ln
659 3538 798 3602 Domini
815 3537 944 3619 gremio

597 3635 756 3699 dormivit
772 3653 848 3695 cum
865 3632 992 3714 gaudio

500 3747 503 3758 ·
598 3732 631 3795 in
647 3749 754 3794 coena
769 3729 950 3806 dominica,

599 3825 665 3890 fide
681 3825 784 3888 fretus
801 3825 905 3888 deica.

687 4097 773 4164 Cum
791 4119 850 4180 per
865 4117 998 4161 crucem

686 4197 802 4258 mortis
818 4196 938 4257 ducem
987 4227 990 4234 ,

684 4299 855 4372 superaret

684 4396 718 4449 et
734 4386 912 4450 damnaret

598 4483 675 4546 Rex
692 4491 805 4545 noster
821 4491 854 4545 et
870 4481 990 4564 gloria,
1449 4481 1471 4542 9

685 4578 821 4644 Vocans
838 4577 985 4656 fratrem,
1232 4577 1282 4641 Ut
1297 4577 1380 4641 haec
1397 4575 1478 4642 fiant
1493 4578 1608 4642 omnia

684 4675 746 4738 sibi
764 4674 909 4737 Matrem
1230 4673 1335 4737 donet
1352 4675 1416 4736 Dei
1432 4675 1549 4755 gratia.

547 4860 757 4910 Manuscrits.
792 4853 1771 4925 Prms:Bib1Nat10502M1sse1de5ensxiiiesrenw1106,

512 4933 612 4988 Missel
624 4933 776 5003 deleglise
785 4932 929 4987 abbatiale
942 4932 978 4988 de
993 4935 1135 5004 Longoret
1146 4933 1454 5004 (diocesedQAuxerre)
1463 4935 1507 4988 xiv
1509 4933 1622 5004 siecle,
1640 4935 1677 5001 U,
1704 4937 1768 5004 864,

513 5013 613 5068 Mtssel
625 5013 662 5068 de
675 5015 756 5083 Sens‚
776 5021 822 5066 xv
841 5012 935 5082 siecle,
954 5013 982 5067 V.
1015 5015 1270 5068 MONTPELIAER:
1286 5013 1357 5068 Bibl.
1371 5014 1407 5068 de
1427 4975 1534 5069 l'iicole
1553 5015 1589 5068 de
1605 5015 1769 5084 Medocine,

512 5107 555 5162 71,
570 5093 716 5149 Misselde
728 5095 808 5162 Sens
821 5091 878 5146 xiv
880 5111 926 5146 -xv
927 5092 1041 5162 siecle,
1055 5093 1125 5148 MR.
1156 5093 1256 5148 Sans:
1268 5094 1341 5148 Bibl
1354 5093 1428 5148 dela
1439 5095 1520 5161 Ville,
1534 5093 1647 5162 (16)17
1665 5094 1768 5150 Missel
