4116 5784
481 507 555 578 310
775 503 918 556 PROSAE
946 503 1150 554 ECCLESIAE
1179 503 1433 554 BELVACENSIS

779 701 802 762 4

521 805 588 869 Sed
606 801 776 866 exstincto
793 822 874 866 mox
891 809 1026 877 tortore,

518 901 568 964 vir
583 900 702 963 beatus
719 919 739 962 a
756 898 911 980 squalore

563 995 722 1059 liberatur
737 994 887 1072 carceris,

522 1091 576 1168 Et,
592 1099 737 1154 assertor
752 1089 912 1166 veritatis,

521 1187 625 1270 gratis
641 1187 722 1250 data
737 1185 842 1247 donat
858 1185 973 1268 gratis,

564 1285 653 1348 vitae
669 1283 777 1346 forma
793 1282 940 1346 caeteris.

784 1416 799 1482 5

651 1519 750 1582 Mens
766 1520 888 1582 devota

650 1614 726 1678 Deo
743 1621 823 1678 nota
838 1635 845 1692 ;

520 1714 632 1799 prodit
649 1723 761 1777 tamen
780 1733 839 1796 per
855 1713 996 1776 immota

563 1811 712 1874 caritatis
728 1808 860 1872 studia:

652 1905 785 1970 Clamat
801 1903 881 1966 soris

652 2003 702 2064 vis
718 2000 850 2077 amoris,

522 2108 556 2163 et
572 2098 662 2182 q'uod
679 2096 816 2160 celatos
832 2094 955 2158 actoris

566 2195 684 2277 pandit
701 2193 811 2256 lamae
826 2191 942 2275 gratia.

781 2315 803 2376 6

522 2437 625 2503 Suam
644 2436 781 2500 tandem
799 2435 988 2509 Ambianis‚

520 2533 767 2616 prophanatam
784 2531 883 2595 deum
901 2530 996 2607 fanis,

565 2628 734 2692 Firminus
750 2625 934 2709 ingreditur
948 2648 955 2703 ;

410 2750 413 2756 ·
524 2724 591 2788 Hic
608 2723 747 2807 leprosis
763 2724 889 2787 munda
905 2721 1000 2798 cutis,

523 2821 630 2884 caecis
646 2819 768 2897 lumen,
784 2838 894 2883 sermo
911 2818 1011 2881 mutis

567 2919 638 2982 eius
654 2937 719 3001 ope
735 2917 891 2982 redditur.

784 3050 804 3116 7

524 3140 590 3202 Hic
606 3159 666 3222 per
680 3159 756 3202 eum
773 3138 957 3202 seminatur

520 3238 609 3301 unde
627 3237 702 3300 Deo
719 3235 880 3299 referatur

562 3343 699 3396 sanctae
715 3332 832 3394 messis
848 3331 946 3413 copia
962 3353 968 3406 ;

520 3429 607 3492 Nam
625 3428 746 3491 diversi
763 3447 873 3502 sexus,
890 3427 972 3501 aevi,

1413 685 1432 747 8

1153 803 1213 881 lbi,
1230 825 1310 868 nece
1326 804 1482 886 pretiosa,

1149 919 1225 963 curn
1243 903 1367 964 cruoris
1384 901 1434 963 sui
1452 921 1535 980 rosa¹

1194 995 1350 1076 migravit
1366 1015 1386 1057 a
1402 995 1536 1060 saeculo
1554 1017 1561 1074 ;

1151 1089 1196 1154 Et
1211 1091 1254 1154 ad
1271 1092 1373 1154 decus
1389 1091 1591 1173 sepulturae,

1148 1185 1299 1249 delibuto
1317 1187 1461 1268 myrrha,
1477 1188 1584 1266 thure,

1192 1283 1319 1365 quievit
1335 1284 1367 1346 in
1386 1283 1525 1350 tumulo.

1411 1516 1432 1580 9

1283 1691 1394 1774 Quem
1411 1695 1588 1778 condignis

1281 1788 1434 1854 Christus
1449 1792 1554 1873 signis

1281 1885 1474 1963 declaravit,

1281 1981 1362 2044 dum
1380 1983 1579 2046 monstravit

1196 2075 1306 2142 locum
1323 2075 1402 2140 solis
1418 2077 1512 2140 radio
1526 2099 1533 2156 ;

1282 2173 1374 2236 Dum
1391 2183 1529 2236 naturae

1282 2267 1387 2332 fracto
1404 2269 1482 2344 iure,

1280 2363 1399 2428 bruma
1416 2365 1496 2442 risit,

1280 2469 1313 2522 et
1330 2461 1441 2524 emisit

1194 2574 1302 2616 rosam
1321 2555 1468 2619 iunctam
1485 2555 1565 2621 lilio.

1406 2787 1443 2833 10

1151 2955 1236 3032 Ave,
1253 2963 1379 3037 martyr
1395 2957 1595 3035 venerande,

1151 3051 1240 3114 vitae
1256 3049 1353 3114 nobis
1370 3052 1458 3115 viam
1476 3053 1596 3134 pande,

1149 3147 1214 3210 duc
1231 3157 1387 3228 rogantes
1403 3149 1445 3211 ad
1462 3151 1632 3232 optandae

1193 3234 1331 3297 visionis
1347 3235 1481 3317 gaudia,

1148 3331 1198 3396 Ut
1215 3351 1234 3393 a
1252 3340 1350 3394 nocte
1366 3331 1497 3396 liberati

1148 3431 1355 3510 resignemur
1369 3430 1525 3510 claritati,

519 3524 740 3605 baptizantur,
757 3542 849 3585 mora
866 3521 966 3598 brevi,

563 3619 626 3682 tria
644 3617 710 3682 sere
727 3617 840 3681 millia.

1148 3533 1182 3586 et
1199 3545 1344 3606 perenne
1361 3527 1519 3590 Trinitati

1192 3630 1367 3685 cantemus
1382 3621 1539 3688 Alleluia.

513 3867 723 3920 Manuscrtts.
747 3861 859 3914 Pnnrs:
881 3859 953 3914 Bibl.
966 3861 1147 3929 Nat.,15615‚
1163 3861 1262 3916 Missel
1275 3861 1312 3916 de
1331 3861 1420 3930 Paris,
1431 3863 1448 3916 ὲ
1460 3863 1566 3932 l’usage
1578 3863 1615 3917 de
1627 3863 1655 3917 la
1670 3864 1735 3918 Sor-

476 3947 572 4001 bonne
599 3942 700 4010 (Prose
720 3939 831 4010 ajoutee
855 3941 872 3992 a
892 3941 920 3994 la
941 3941 1014 3994 suite
1037 3941 1072 3995 de
1094 3941 1180 3995 celles
1205 3941 1241 3996 de
1263 3941 1363 4010 Paris),
1377 3943 1438 3996 xiii⁰
1456 3941 1549 4010 siecle,
1563 3942 1606 4008 L,·
1640 3957 1733 4012 10513,

477 4019 606 4076 Prosaire
619 4019 657 4072 du
671 4016 829 4084 xiv⁸siecle,
843 4017 876 4070 P.
908 4019 1038 4071 ARRAS:
1059 4018 1131 4072 Bibl.
1153 4017 1189 4071 de
1211 4019 1238 4072 la
1259 4019 1342 4088 ville,
1365 4032 1426 4088 957,
1448 4019 1553 4074 Offices
1565 4019 1602 4074 du
1618 4021 1734 4074 Menas·

475 4101 534 4156 tere
545 4099 580 4154 de
594 4097 786 4165 saint-Vana,
799 4096 916 4150 xiv⁸·xv⁰
925 4096 1019 4165 siecle,
1033 4097 1121 4156 ARC.

514 4299 558 4338 re
588 4282 625 4335 ad
643 4281 698 4334 hoc
707 4291 806 4334 tantae
818 4279 913 4334 carnis
928 4279 961 4348 (l)
975 4280 1122 4334 Belvacen.
1156 4281 1193 4334 ob
1213 4281 1267 4334 hoc
1286 4281 1471 4335 Matisconen.
1503 4299 1524 4350 g
1548 4291 1575 4335 et
1597 4282 1671 4350 regis
1689 4299 1733 4337 so-

476 4367 544 4420 lium
558 4364 725 4417 Noviomen.
759 4367 780 4414 h
805 4359 941 4415 exultanti
957 4361 1104 4416 Beluacen.
1120 4363 1296 4416 Cameracen.
1312 4362 1501 4416 Silvaneclen.
1532 4364 1613 4416 Dans
1626 4364 1733 4418 Nomiu-

475 4463 545 4501 men.
559 4447 585 4499 le
601 4454 660 4497 mot
670 4443 804 4496 exulanti
814 4451 857 4496 est
868 4441 1027 4511 transpone
1041 4442 1123 4512 apres
1137 4443 1162 4497 le
1177 4453 1236 4496 mot
1255 4443 1306 4495 Vir
1316 4442 1352 4496 de
1366 4443 1393 4496 la
1407 4443 1523 4511 strophe
1537 4457 1561 4496 2.

510 4541 555 4581 ac
586 4523 705 4594 spiritali
718 4524 752 4576 L.
784 4527 798 4576 t
823 4519 952 4592 providet
967 4521 1143 4575 Cameracen.

510 4623 526 4676 3
541 4623 561 4661 a
591 4606 721 4673 Agerium
734 4603 883 4657 Belvacen.
895 4601 1070 4657 Cameracen.
1091 4603 1214 4671 Agensis
1226 4603 1414 4656 Silvanecten.
1436 4607 1457 4656 b
1482 4611 1510 4656 et
1523 4619 1646 4672 manque
1659 4605 1731 4659 dans

475 4687 642 4742 Ambianen.
675 4683 738 4753 ipso
751 4683 899 4735 Belvacen.
933 4681 1013 4736 sedet
1028 4681 1061 4750 (Ι)
1077 4683 1253 4737 Cameracen.
1282 4688 1303 4736 d
1326 4681 1367 4736 lbi
1382 4692 1478 4735 tamen
1488 4682 1520 4736 L.
1549 4682 1664 4736 tandem
1673 4683 1731 4737 No-

473 4770 594 4821 vr'omen.
625 4781 642 4818 e
672 4779 766 4832 poena
788 4761 936 4816 Belvacen.
955 4763 1122 4816 Noviomen.
1154 4763 1208 4816 hoc
1235 4779 1354 4817 examen
1380 4763 1528 4816 Beluacen.
1555 4761 1730 4818 cameracen.

473 4847 658 4900 Matisconen.
691 4848 705 4896 f
712 4842 816 4912 'agunt
834 4843 1018 4897 Matr'scomn.
1043 4843 1230 4898 Silvanecten.
1270 4844 1348 4912 angit
1371 4841 1540 4912 supplicium
1562 4843 1730 4898 Novr'ornen.

509 4941 559 4993 4a
589 4943 655 4979 mox
668 4935 775 4980 terrore
788 4923 976 4978 Silvanecten.
1009 4929 1031 4978 b
1055 4925 1091 4978 ab
1105 4925 1237 4995 squalore
1258 4924 1446 4979 Silvanecten.
1476 4924 1602 5002 acalore
1624 4923 1729 4978 Matis-

473 5023 565 5062 conen.
594 5011 615 5061 d
642 5007 819 5063 Utassertor
832 5004 864 5062 L.
896 5006 976 5060 Tunc
990 5015 1112 5062 assertor
1133 5005 1302 5062 Noviomen.
1342 5005 1380 5059 Et
1393 5011 1502 5063 asserto
1522 5003 1554 5076 (l)
1580 5004 1729 5061 Belvacen.
