4108 5794
488 551 560 620 294
773 548 915 600 prosse
943 548 1144 600 accnnsrue
1172 550 1457 602 nannanrnusrs

519 733 715 782 Manuscrlt.
738 727 853 782 Psats:
874 727 946 782 Bibl.
962 728 1129 795 Nat.‚1107‚
1152 728 1252 783 Missel
1275 729 1311 784 de
1331 729 1461 798 l’abbaye
1481 728 1517 784 de
1539 727 1744 799 Saint-Denys,

481 806 700 875 xivesiecurr.

516 972 563 1025 30
595 953 800 1022 Lutentiam(!)
813 953 859 1007 M.

518 1049 531 1106 5
546 1053 566 1090 a
598 1035 656 1090 Sed
669 1036 693 1088 si
707 1035 750 1089 M.

516 1121 533 1173 6
547 1137 566 1187 g
597 1119 692 1173 iuncta
704 1117 801 1188 pedes,
815 1116 911 1170 iuncta
924 1130 1026 1168 manus
1041 1111 1204 1168 Atrebaten.

519 1204 570 1268 9d
602 1199 691 1252 lectus
705 1194 798 1266 (!)lM.

743 1426 823 1496 193.
855 1401 931 1474 DE
962 1401 1185 1477 snucro
1215 1403 1494 1478 nursino,

792 1621 804 1666 1

528 1745 641 1809 Pulset
657 1753 746 1807 astra
761 1762 830 1805 vox
851 1740 1002 1804 sublimis
1019 1765 1026 1805 :

527 1839 698 1904 sublimari
715 1838 818 1920 digna
835 1837 934 1899 nimis

572 1943 748 1999 occurrunt
763 1932 947 1996 sollemnia.

529 2030 660 2116 Quibus
676 2031 801 2112 gaudet
816 2050 852 2090 se
869 2029 1035 2091 Martinus

529 2129 561 2191 in
579 2126 738 2190 Abrahae
754 2145 865 2187 sacros
881 2123 973 2185 sinus

573 2221 683 2304 excipi
700 2239 776 2283 curn
793 2218 908 2301 gloria.

791 2350 808 2394 2

529 2446 715 2514 Seminavit
731 2445 784 2508 hic
801 2464 867 2506 non
885 2464 984 2526 parce

527 2545 617 2626 quod
635 2541 742 2606 fidelis
758 2540 966 2622 patriarchae

571 2658 658 2702 nunc
675 2637 771 2700 metit
787 2636 820 2699 in
836 2655 922 2712 area,

531 2735 596 2798 Hic
613 2753 714 2796 suave
730 2732 805 2796 tulit
822 2730 936 2812 iugum

529 2839 565 2892 ut
581 2829 760 2892 multarum
778 2827 822 2890 ibi
839 2825 971 2908 frugum

573 2925 759 3008 possideret
774 2923 902 2985 horrea.

792 3052 808 3116 3

530 3153 656 3216 Rectus
672 3149 780 3226 corde,
796 3155 908 3212 mente
924 3165 1049 3229 pronus

530 3248 602 3311 leve
618 3246 742 3312 Christi
759 3244 836 3309 tulit
851 3264 935 3307 onus

570 3344 614 3407 ab
630 3340 856 3406 adolescentia
871 3361 878 3418 ;

527 3438 663 3521 Spernit
680 3435 775 3499 miles
792 3433 878 3516 regis
895 3453 1017 3496 munus

525 3554 586 3598 nec
602 3531 726 3596 tribuni
743 3529 813 3593 vult
829 3529 982 3592 tribunus

570 3627 673 3712 patris
689 3624 878 3690 tribunalia.

529 3855 668 3936 Pauper,
684 3850 803 3926 nuduS,
818 3857 852 3912 et
867 3849 986 3925 inaniS,

528 3949 604 4033 gelu
621 3959 776 4022 tremens,
792 3945 981 4021 Ambianis,

572 4065 666 4108 secus
682 4051 798 4125 portae
815 4041 940 4118 limina,

529 4143 640 4206 lrnrno
657 4139 809 4205 Christus
826 4136 923 4208 huius
939 4136 999 4198 viri

528 4246 620 4301 veste
636 4237 737 4298 iactat
755 4233 799 4298 Se
816 4233 926 4296 vestiri

571 4351 672 4395 manu
688 4329 930 4392 cathecumina.

528 4555 629 4639 Quod
647 4553 802 4618 Salvator
819 4550 898 4614 iecit
914 4550 1004 4631 prius

527 4653 590 4716 hoc
607 4661 640 4714 et
656 4651 717 4712 iste
734 4669 792 4730 per
810 4645 903 4710 lllius

571 4766 692 4810 nomen
709 4744 788 4809 iecit
804 4750 943 4825 postea:

527 4843 621 4926 Quos
636 4841 797 4906 tenebant
814 4837 929 4901 mortis
946 4845 1062 4920 portae

526 4939 693 5003 revocavit
709 4947 775 5000 tres
806 4957 826 4998 a
843 4943 950 4998 morte

570 5035 655 5098 sicut
672 5032 824 5098 Christus
841 5039 948 5093 antea.

1417 1607 1439 1669 6

1159 1744 1240 1807 Dies
1256 1745 1366 1808 omnis
1382 1746 1414 1808 in
1433 1743 1610 1820 aerumnis,

1158 1838 1220 1902 luit
1236 1840 1283 1903 illi
1301 1860 1370 1904 nox
1387 1841 1549 1903 insomnis

1200 1945 1233 1998 et
1250 1937 1406 1999 fatiscens
1424 1936 1584 2019 palpebra
1599 1957 1606 2012 ;

1159 2031 1268 2095 Utens
1285 2033 1361 2095 cibo
1378 2053 1548 2116 nunquam
1566 2033 1627 2096 sibi

1160 2127 1329 2208 satisfecit,
1346 2150 1441 2193 usum
1460 2130 1523 2192 cibi

1204 2234 1344 2306 potusve
1360 2224 1522 2288 illecebra.

1420 2397 1439 2462 7

1157 2518 1395 2582 Tremebunda
1412 2520 1548 2583 tandem
1566 2519 1665 2582 febris

1158 2623 1260 2677 vexat
1276 2634 1362 2691 eurn,
1378 2615 1449 2697 ipse
1465 2615 1586 2678 crebris

1201 2711 1332 2774 letaniis
1348 2711 1482 2774 aethera
1498 2733 1506 2789 ;

1157 2808 1229 2870 Nec
1245 2807 1407 2888 permittit
1423 2807 1485 2869 sibi
1502 2817 1615 2870 tamen

1157 2903 1208 2965 vel
1226 2903 1391 2965 substerni
1407 2901 1472 2964 vile
1488 2912 1634 2966 stramen

1202 2998 1253 3061 vel
1271 2997 1391 3060 mutari
1409 2997 1521 3062 latera.

1420 3145 1439 3205 8

1159 3287 1230 3352 Nec
1247 3297 1399 3371 opertum
1417 3288 1557 3352 cilicinis

1157 3386 1332 3467 cinereque
1349 3383 1462 3448 foedat
1477 3385 1561 3449 cinis

1200 3489 1258 3542 aut
1274 3479 1375 3543 vestis
1392 3479 1544 3561 setigera,

1159 3573 1225 3638 Sed
1243 3583 1391 3638 mutatur
1407 3595 1506 3658 super
1520 3577 1610 3642 claro

1158 3670 1245 3734 lacte
1259 3672 1408 3734 candens
1423 3672 1494 3735 eius
1509 3692 1587 3739 caro

1203 3765 1320 3829 eadem
1338 3767 1500 3833 etaltera.

1420 3937 1441 3998 9

1159 4065 1302 4130 Gloriosi
1319 4086 1458 4149 compos
1475 4065 1549 4129 linis

1159 4161 1312 4225 manibus
1328 4183 1364 4225 se
1380 4163 1543 4245 resupinis

1200 4267 1331 4322 vertens
1349 4278 1461 4320 versus
1478 4257 1622 4324 aethera.

1156 4361 1172 4387 “
1186 4355 1241 4421 Sic
1253 4376 1323 4433 ηοε,
1335 4355 1350 4382 ”
1364 4356 1481 4438 inquit,
1491 4359 1508 4387 ‘¹
1519 4357 1615 4420 decet
1627 4357 1742 4421 mori.’'

1159 4453 1244 4515 Mox
1261 4451 1421 4514 caelestes
1438 4451 1574 4515 adstant
1590 4451 1682 4515 chori

1202 4549 1234 4610 in
1252 4548 1322 4611 eius
1338 4547 1508 4629 obsequia.

1412 4709 1450 4756 10

1155 4830 1249 4913 Quos
1265 4831 1384 4895 beatus
1402 4831 1580 4897 Severinus

1154 4939 1293 5009 stupens
1309 4927 1475 4990 auscultat
1491 4929 1621 4992 eminus

1156 5023 1335 5088 iubilantes
1353 5022 1531 5088 :Alleluia
