4094 5796
444 497 495 584 76
729 511 871 563 mosne
898 510 1102 564 eccnnsrxr:
1127 513 1418 566 xxnsoxvsxsrs

1060 706 1095 774 15

816 815 929 882 Iesum
946 837 1004 882 ora
1019 817 1115 902 virgo
1130 837 1235 898 sacra,

817 932 878 995 pro
893 913 957 978 hac
972 913 1055 979 urbe
1070 925 1140 980 tam
1157 915 1340 1000 praeclara,

820 1018 858 1074 ut
873 1009 960 1074 hanc
975 1019 1085 1076 servet
1101 1033 1121 1076 a
1139 1013 1266 1077 nocivis

821 1105 944 1184 Grana‚
960 1107 1037 1172 vina
1053 1117 1155 1192 atque
1171 1108 1269 1188 loca3

821 1203 1015 1269 habitantes
1032 1225 1111 1269 vero
1128 1204 1202 1270 loca

821 1299 917 1364 caelo
933 1319 1063 1365 sursum
1081 1299 1138 1366 ubi
1154 1302 1247 1367 vivis.

486 1502 525 1556 Le
537 1499 620 1556 Latin
633 1499 669 1554 de
679 1507 755 1554 cette
769 1499 857 1553 Prose
869 1506 912 1552 est
925 1497 1009 1553 d'une
1022 1498 1147 1554 extreme
1161 1497 1316 1564 faibiesse;
1333 1497 1474 1554 certaines
1497 1496 1629 1570 strophes
1648 1493 1711 1566 pre·

449 1589 562 1636 sentent
575 1580 612 1634 de
624 1577 776 1634 veritables
790 1577 955 1633 solecismes
968 1579 1052 1648 qu’on
1082 1593 1118 1634 ne
1138 1589 1206 1649 peut
1226 1595 1278 1650 pas
1301 1579 1438 1634 attribuer
1458 1577 1476 1632 h
1495 1577 1546 1632 des
1563 1575 1655 1632 fantes
1676 1575 1713 1629 de

448 1671 530 1716 texte.
545 1658 634 1727 Ainsi,
648 1659 764 1729 strophe
774 1671 810 1726 9:
827 1657 925 1712 nolens
937 1657 975 1712 du
993 1657 1117 1729 premier
1138 1675 1201 1714 vers
1220 1667 1262 1714 est
1277 1658 1468 1713 evidemment
1482 1673 1553 1728 pour
1565 1656 1711 1712 nolentem.

451 1741 495 1795 De
509 1739 601 1794 meme
617 1739 734 1808 strophe
750 1753 759 1792 t
764 1753 789 1806 3,
809 1747 870 1792 tout
884 1747 943 1794 mot
964 1739 982 1792 h
1003 1748 1062 1793 mot
1083 1749 1126 1794 est
1147 1737 1314 1809 impossible
1328 1738 1400 1793 dans
1424 1739 1466 1792 les
1490 1737 1560 1792 trois
1585 1735 1714 1790 demiers

449 1837 522 1887 vers,
532 1829 585 1874 etc.
610 1819 664 1873 Les
684 1818 776 1874 fantes
798 1817 835 1872 de
859 1817 1020 1889 rythmique
1040 1818 1195 1885 abondent,
1214 1836 1250 1874 ou
1270 1818 1361 1890 plutht
1380 1827 1458 1872 toute
1486 1816 1648 1887 rythmique
1670 1823 1714 1870 est

450 1900 576 1956 absente.
592 1900 633 1952 La
645 1898 764 1968 critique
774 1898 810 1952 de
821 1906 896 1952 texte
906 1907 950 1953 est
960 1897 1147 1969 impuissante
1161 1916 1195 1953 en
1208 1899 1345 1970 presence
1356 1897 1438 1952 d’une
1447 1897 1563 1968 pareille
1571 1893 1714 1968 pauvrete.

490 2061 500 2100 1
517 2051 538 2100 b
569 2060 626 2098 non
640 2059 740 2098 amara
754 2042 960 2098 cathalaunen.
988 2049 1003 2098 1
1026 2043 1134 2100 crucier
1152 2044 1290 2100 Toronen.

490 2130 540 2194 3b
572 2123 681 2193 origine
700 2124 840 2178 Turonen.

486 2207 503 2260 6
517 2210 531 2259 t
560 2203 642 2274 periit
657 2203 841 2274 Andegaven.
858 2203 1064 2258 Cathalaunen.
1081 2203 1190 2258 Eduen.
1209 2204 1236 2258 T
1232 2221 1349 2258 veronen.

473 2290 539 2339 rrb
568 2282 684 2338 foenum
703 2283 889 2351 Andagaven.
905 2283 1015 2338 Eduen.
1043 2300 1161 2339 scenum
1175 2283 1208 2352 (t)
1238 2284 1380 2338 Turonen.
1407 2299 1424 2338 e
1449 2281 1505 2338 sibi
1527 2279 1715 2350 Andegaven.

455 2365 565 2418 Edam.

473 2459 535 2512 130
565 2453 694 2498 nostrum
708 2442 892 2511 Andegaven.
910 2441 1020 2496 Edam.
1038 2443 1177 2498 Turonen.
1205 2448 1219 2496 r
1244 2443 1290 2497 via
1303 2441 1408 2498 viatico
1422 2441 1608 2512 Andagaven.

476 2537 506 2592 ις
520 2541 538 2576 o
569 2521 669 2576 nocuis
683 2521 867 2592 Andagavcn.
887 2521 913 2575 T
910 2539 1026 2577 uronen.
1053 2527 1074 2577 d
1100 2539 1166 2577 vero
1179 2532 1262 2592 grata
1275 2523 1386 2577 Eduen.

491 2604 530 2656 La
540 2601 664 2656 seconde
674 2601 765 2671 partie
778 2601 814 2656 de
828 2611 902 2656 cette
916 2603 1032 2672 strophe
1040 2613 1084 2658 est
1098 2602 1154 2656 tres
1163 2619 1340 2672 corrompue.
1361 2604 1442 2657 Nous
1455 2601 1597 2672 adoptons
1605 2600 1632 2653 le
1640 2606 1715 2652 texte

454 2682 492 2736 du
508 2681 606 2736 Missel
620 2681 656 2736 de
673 2679 985 2750 enatans-suenone,
999 2683 1102 2737 sanila
1112 2682 1270 2737 correction
1284 2683 1364 2736 caelo
1380 2699 1452 2753 pour
1464 2683 1583 2738 caelum.
1609 2679 1656 2733 On
1664 2676 1695 2730 lit
1708 2693 1713 2729 :

884 2787 989 2856 Grana,
1002 2786 1069 2842 vina
1082 2797 1167 2858 atque
1180 2787 1243 2841 loca

883 2883 1022 2921 conserva
1035 2867 1073 2922 ad
1086 2877 1184 2922 nostra
1197 2877 1281 2932 vota3

882 2946 1048 3001 habitantes
1062 2963 1130 3002 vero
1143 2947 1245 3002 horum

884 3026 966 3080 trahe
979 3043 1090 3081 sursum
1104 3027 1151 3082 ubi
1165 3028 1249 3086 vivis.
1272 3029 1455 3099 Andegwm.
1470 3027 1580 3082 Edueu.

494 3129 533 3183 Le
548 3127 647 3183 Missel
665 3128 701 3183 de
717 3130 809 3183 Tonrs
828 3129 879 3184 fait
893 3145 930 3184 un
950 3130 1082 3201 melange
1104 3131 1154 3187 des
1175 3132 1248 3189 deux
1268 3133 1396 3188 versione
1417 3143 1445 3187 et
1471 3131 1566 3186 donne
1586 3147 1623 3185 un
1636 3137 1712 3185 texte

459 3199 637 3255 absolument
651 3199 926 3271 incomprehensible
942 3219 948 3255 ε

908 3308 1071 3365 habitantes
1084 3327 1151 3366 vero
1164 3313 1264 3368 horum

908 3389 988 3445 caelo
1001 3406 1113 3446 sursum
1127 3391 1174 3446 ubi
1188 3391 1267 3448 vivis.
