4102 5790
632 515 774 570 PROSAE
801 517 1005 570 ECCLESIAE
1033 520 1259 574 LEODIENSIS

621 713 661 774 14

450 796 513 860 Par
529 806 580 860 est
596 795 774 878 Apostolis

448 892 576 956 vocatis
592 891 757 974 primitus,

451 989 587 1052 Praeest
603 987 755 1070 epistolis

447 1094 587 1148 vocatus
603 1084 750 1148 caelitus.

616 1197 651 1264 15

447 1279 515 1343 Ter
530 1280 631 1362 virgis
647 1279 807 1358 caeditur,

1084 710 1198 784 raptus
1215 703 1249 766 in
1267 701 1403 786 Spiritu,

1081 798 1144 861 Dei
1163 800 1357 881 mysterium

1081 894 1202 957 mentis
1218 895 1340 960 intuitu

991 989 1139 1053 intuetur
1155 1011 1215 1053 nec
1231 989 1388 1073 loquitur,

993 1087 1072 1171 quia
1089 1107 1150 1150 nec
1167 1087 1257 1168 loqui
1274 1087 1402 1154 sinitur.

1083 1183 1114 1248 Ο
1130 1193 1245 1264 pastor
1261 1184 1395 1267 inclyte,

1079 1289 1252 1361 pastorum
1268 1280 1385 1363 gloria,

1082 1373 1168 1438 felici
1185 1377 1319 1440 tramite

1079 1485 1138 1538 tua
1153 1474 1254 1538 ovilia

993 1571 1111 1648 deduc,
1127 1573 1260 1653 perduc,
1275 1573 1441 1637 constitue

616 1673 655 1734 16
993 1669 1147 1750 perennis
1164 1667 1238 1732 loco
1254 1687 1405 1750 pascuae.

449 1759 506 1823 Ad
524 1759 654 1822 caelum
672 1759 807 1822 tertium

448 1374 551 1438 semel
569 1374 745 1456 lapidibus,

448 1471 516 1534 Ter
533 1471 615 1534 mari
634 1471 795 1554 mergitur

448 1588 509 1632 nec
525 1568 611 1650 perit
628 1565 792 1633 fluctibus.

357 1895 564 1944 Manusorlts.
581 1889 796 1944 STONYHURST
810 1908 816 1945 :
832 1890 947 1959 Collega
963 1889 1014 1944 des
1024 1887 1157 1958 Jesuites,
1172 1900 1211 1956 ιν,
1226 1888 1326 1942 Missel
1344 1889 1380 1942 de
1394 1889 1488 1958 Liege,
1505 1903 1580 1958 1472,

322 1971 380 2024 ST.
410 1971 600 2024 BRUXELLES
613 1987 620 2024 ι
632 1969 706 2023 Bibl.
721 1970 801 2038 Roy.,
818 1970 912 2039 18125‚
928 1969 1027 2023 Missel
1041 1968 1078 2022 de
1093 1968 1271 2037 Maastricht,
1281 1985 1344 2023 vers
1362 1979 1438 2038 1500,
1451 1969 1509 2024 BC.

358 2063 437 2117 Cette
452 2062 541 2116 Prose
554 2069 597 2116 est
611 2059 760 2130 imprimde
773 2061 846 2116 dans
862 2063 1061 2130 M1LcHSACK‚
1075 2060 1189 2129 Hymni
1197 2067 1225 2113 et
1236 2062 1409 2131 sequentiae,
1422 2075 1493 2131 p.19.

358 2172 368 2210 1
384 2174 404 2213 a
434 2155 543 2212 Victori
558 2158 765 2212 Mrccrrsncrr.
780 2158 863 2213 Cette
875 2157 1004 2212 variante
1017 2157 1077 2212 doit
1085 2155 1262 2227 disparaltre
1290 2157 1318 2212 S.
1327 2159 1396 2212 Paul
1409 2168 1451 2212 est
1465 2157 1581 2230 l'apdtre

321 2236 371 2292 des
384 2237 514 2302 Gentils;
528 2235 547 2290 il
560 2235 619 2290 faut
632 2235 670 2290 lui
684 2253 835 2292 conserver
848 2253 900 2292 son
914 2236 986 2292 titre.

356 2332 402 2371 ao
432 2315 553 2372 tumoris
566 2315 624 2370 BC.
635 2316 932 2386 Leodr'en.1499·154o.
947 2317 1152 2370 MJLCHSACK.
1185 2321 1206 2370 d
1238 2315 1399 2386 praecolitis
1413 2316 1470 2371 ST.

355 2411 372 2464 4
385 2401 407 2452 d
439 2395 507 2465 legit
522 2396 580 2450 ST.
590 2395 804 2464 leodien.1499‚
829 2397 921 2466 gloria
932 2395 990 2451 BC.

358 2481 407 2545 51)
438 2475 558 2530 militiae
571 2475 784 2546 Leodr'en.1499.

356 2556 406 2611 δα
438 2557 516 2610 Dum
529 2556 736 2611 Mircnsncrr.

341 2649 402 2701 140
432 2633 571 2706 apostolis
586 2635 643 2688 ST.
653 2635 783 2689 Leodr'en.
792 2649 860 2704 1499
872 2643 900 2690 et
916 2647 993 2705 1523.
1007 2636 1213 2690 MILCHSACK.
1254 2635 1417 2705 Repetition
1436 2635 1502 2690 d’un
1521 2645 1582 2690 mot

320 2713 368 2786 qui
382 2731 412 2770 se
425 2714 459 2769 lit
472 2714 546 2769 deux
558 2731 622 2769 vers
635 2715 698 2785 plus
711 2715 792 2771 haut.

342 2794 373 2848 16
388 2811 421 2849 m
452 2793 572 2865 perenni
587 2794 648 2850 BC.

613 2933 672 3001 66.
704 2927 779 3002 DE
810 2927 1037 3003 SANCTO
1067 2928 1284 3004 EGlDlO.

630 3088 642 3134 1

388 3197 473 3276 Flos,
492 3199 603 3280 Egidi,
619 3199 858 3281 consessorum,

387 3293 533 3359 clemens
549 3295 610 3360 tibi
627 3297 824 3361 devotorum

430 3401 583 3474 acceptes
601 3392 762 3475 obsequia
776 3415 783 3472 ;

1082 3072 1163 3136 dum
1180 3071 1290 3136 lamae
1306 3071 1471 3138 deliberas

1082 3167 1187 3232 vitare
1203 3167 1371 3251 suffragia.

1256 3312 1278 3372 4

1000 3420 1203 3504 Hospitatus
1219 3421 1379 3486 Arelatae

389 3493 497 3576 Quem
514 3495 633 3558 illustri
650 3497 753 3579 stirpe
769 3506 886 3561 natum
998 3524 1113 3580 natam
1130 3517 1238 3598 reples
1254 3517 1427 3600 sospitate,

388 3611 461 3654 vere
477 3591 626 3656 clamant
642 3592 845 3656 illustratum

429 3688 589 3752 virtutum
607 3689 793 3770 praeconia.

626 3843 644 3889 2

517 3960 569 4024 Tu
586 3960 745 4025 discentis

516 4061 716 4124 rudimentis

429 4155 583 4218 doctores
600 4157 798 4238 aequiparas
812 4178 819 4235 ;

517 4250 569 4314 Tu
588 4271 646 4332 per
662 4260 789 4314 vestem

517 4348 614 4410 sedas
630 4357 770 4429 pestem,

431 4462 490 4525 pro
508 4443 643 4508 Christo
660 4453 694 4506 te
710 4463 885 4526 pauperas.

629 4598 646 4662 3

454 4717 488 4780 Α
504 4728 659 4801 serpente
673 4718 823 4782 saucium

454 4831 553 4876 sanas
570 4814 783 4897 arrepticium

456 4909 623 4974 mundans
640 4910 672 4973 in
690 4908 853 4990 ecclesia;

456 5003 706 5088 Naufragantes
723 5004 853 5084 liberas,

1040 3613 1178 3676 domurn
1197 3615 1312 3677 matris
1328 3615 1474 3697 gaudi03

995 3706 1133 3770 Terram
1151 3707 1236 3771 setas
1253 3708 1477 3788 infecundam,

997 3803 1122 3866 morbis
1139 3823 1254 3866 curam
1271 3804 1355 3868 dans
1372 3803 1562 3885 secundam,

1041 3899 1173 3962 iunctus
1189 3899 1393 3966 Veredimio.

1260 4053 1276 4119 5

997 4166 1101 4231 Cuius
1117 4167 1203 4231 lacte
1219 4169 1302 4231 vivis
1319 4168 1466 4233 solitarie

998 4261 1140 4327 Cervam
1157 4284 1278 4328 canum
1295 4265 1381 4328 eruis
1399 4265 1547 4331 iniuriae.

1258 4399 1279 4462 6

1084 4520 1244 4586 Gaudens
1261 4522 1423 4601 molestia,

1087 4639 1162 4682 oras
1179 4640 1240 4702 pro
1255 4620 1352 4684 venia

1087 4724 1121 4778 te
1137 4716 1395 4780 vulnerantium.

1087 4811 1203 4876 Crucis
1219 4810 1372 4894 potentia

1087 4908 1130 4971 de
1145 4909 1251 4971 crucis
1268 4908 1359 4972 curia

1086 5003 1182 5086 fugas
1198 5004 1426 5070 daemonium.
