4102 5790
620 561 762 614 PROSAE
790 563 994 615 ECCLESIAE
1021 564 1252 616 TOLETANAE
1499 571 1564 641 115

612 752 629 815 3
1239 758 1262 818 4

438 907 533 971 Haec
554 927 671 971 carens
692 908 778 971 carie
1070 911 1157 974 Esus
1181 930 1200 973 a
1225 909 1377 992 pluribus

436 1004 524 1070 Caro
547 1003 758 1085 dignoscitur
1067 1006 1170 1071 semei
1193 1005 1245 1069 vel
1270 1007 1413 1089 saepius

435 1100 527 1164 cuius
549 1101 735 1164 munditiae
1070 1124 1156 1166 unus
1179 1116 1229 1166 est
1252 1103 1418 1180 omnibus,

437 1195 562 1259 munda
588 1215 682 1258 mens
704 1197 809 1260 alitur.
1067 1199 1155 1262 idern
1175 1218 1240 1261 non
1259 1197 1353 1276 alius,

436 1291 557 1374 Agnus
578 1293 730 1373 quotidie
1066 1297 1109 1360 de
1128 1305 1180 1359 tot
1201 1294 1379 1358 edentibus

437 1389 582 1451 mundus
601 1387 655 1450 hic
677 1389 781 1452 oritur
1067 1392 1178 1455 nullus
1198 1401 1249 1454 est
1271 1390 1425 1471 amplius,

438 1485 605 1547 mundans
624 1504 644 1546 a
664 1485 767 1563 viti0;
1068 1489 1126 1551 sed
1148 1489 1289 1569 quisque
1309 1486 1441 1568 pariter.

439 1579 515 1662 Qui,
537 1579 614 1642 licet
637 1580 756 1662 iugiter
1067 1583 1169 1667 Quod
1195 1583 1345 1646 clausum
1370 1581 1479 1645 tenuit

438 1675 520 1739 fiant
542 1678 709 1758 mysteria,
1069 1701 1193 1743 manna
1211 1680 1277 1742 iam
1295 1687 1427 1754 reserat,

439 1793 499 1836 sua
515 1771 665 1835 totaliter
1068 1797 1146 1840 nam
1167 1775 1242 1858 plus
1266 1794 1333 1837 non
1355 1773 1472 1836 habuit

439 1879 505 1932 stat
522 1869 555 1930 in
577 1869 765 1934 substantia
1069 1859 1125 1956 qui
1146 1873 1221 1955 plus
1245 1870 1449 1952 collegerat:

439 1975 531 2029 totus
552 1966 736 2047 aequaliter
1069 1988 1176 2051 aeque
1193 1967 1363 2030 distribuit

440 2061 472 2123 in
493 2060 576 2124 caeli
597 2061 697 2144 regia,
1068 2065 1159 2147 quod
1179 2083 1285 2146 aeque
1302 2062 1442 2124 dederat

441 2167 532 2220 totus
557 2156 684 2220 altari0.
1067 2171 1224 2224 aeternus
1240 2158 1388 2222 Arbiter.

931 2369 946 2436 5

752 2542 840 2608 Sane
857 2564 916 2626 per
932 2544 1046 2606 omnia

752 2657 819 2700 non
837 2648 887 2702 est
904 2659 954 2701 res
972 2638 1092 2701 similis

752 2757 875 2801 manna
892 2747 968 2820 post
984 2739 1093 2820 spatia

750 2852 802 2895 res
819 2845 890 2897 erat
908 2833 1028 2911 labilis,

751 2933 809 2994 sed
827 2931 980 2997 Christus
998 2932 1108 2996 hostia

752 3027 1040 3092 incommutabilis

753 3133 867 3187 manet
885 3124 917 3186 in
935 3121 1069 3186 saecula
1084 3143 1091 3200 ;

756 3219 859 3284 Cuius
880 3220 1032 3302 perpetui

756 3316 855 3380 Panis
872 3325 906 3380 et
924 3314 1106 3397 Sanguinis

754 3413 799 3476 sic
818 3432 934 3476 mensa
949 3409 1074 3493 perfrui

756 3529 817 3572 nos
833 3509 892 3572 det
909 3508 999 3571 Fons
1016 3507 1162 3586 luminis,

757 3615 794 3668 ut
811 3604 907 3669 stolis
924 3604 1017 3667 indui

756 3700 924 3783 possimus
941 3698 1084 3781 geminis

756 3806 833 3880 post
849 3797 932 3859 haec
949 3795 1120 3859 curricula.

352 4023 393 4071 21
423 4013 537 4071 emicuit
555 4012 680 4067 Toletan.
713 4027 732 4064 0
756 4025 857 4080 pacem
871 4006 956 4063 iaciat
974 4008 1100 4062 Toletan.

353 4127 391 4181 Le
406 4127 505 4182 Missel
518 4126 554 4181 de
567 4124 675 4179 Tolede
689 4121 828 4189 renierme
841 4121 998 4176 seulement
1010 4121 1052 4176 ies
1065 4120 1138 4175 deux
1150 4093 1306 4191 uremidres
1320 4121 1459 4192 strophes.
