4102 5792
473 549 548 618 430
650 544 792 596 PROSAE
822 545 1025 596 ECCLESIAE
1053 547 1080 595 S.
1103 543 1293 593 STEPHANI
1323 541 1568 594 DlVIONENSIS

777 739 794 802 3
1405 739 1427 800 4

515 861 707 944 Stephanus
723 862 805 924 dum
822 861 989 944 lapidatur
1147 861 1277 942 Martyr
1294 859 1358 923 fide
1374 869 1441 923 stat
1458 880 1600 936 securus,

514 977 602 1038 genu
619 955 710 1019 flexo
725 957 922 1038 deprecatur
1143 977 1240 1019 suum
1259 957 1333 1018 Deo
1350 955 1538 1019 redditurus

558 1074 618 1135 pro
634 1073 670 1115 se
687 1051 914 1134 lapidantibus
929 1074 936 1130 ;
1188 1053 1273 1114 inter
1289 1053 1374 1114 ictus
1390 1052 1552 1134 spiritum.

518 1149 627 1211 lesum
645 1148 735 1211 videt
752 1168 788 1210 se
803 1156 979 1210 vocantem
1147 1147 1328 1229 Stephane,
1344 1147 1386 1209 sit
1401 1147 1462 1210 tibi
1478 1167 1557 1210 cura

514 1265 534 1306 a
550 1245 746 1325 dextrisque
763 1244 828 1306 Dei
845 1253 989 1306 stantem
1145 1244 1187 1306 de
1203 1244 1310 1319 nobis,
1325 1253 1426 1324 atque
1443 1263 1583 1325 procura

556 1360 632 1402 cum
651 1339 775 1402 sanctis
791 1337 970 1420 spiritibus.
1189 1358 1264 1400 cum
1282 1339 1434 1420 supernis
1450 1339 1588 1402 aditum.

506 1520 701 1568 Manusorit.
725 1515 840 1568 Pnurs:
871 1513 942 1567 Bibl.
965 1515 1040 1580 Nat,
1063 1513 1123 1580 879,
1147 1512 1246 1566 Missel
1266 1513 1302 1566 de
1323 1511 1430 1581 l’e‘glise
1450 1497 1668 1568 Saint-litienne
1693 1513 1729 1568 de

471 1595 566 1662 Dijon‚
578 1601 624 1648 nve
633 1593 727 1662 siecle,
743 1594 771 1646 S.

738 1899 819 1967 30¹·
854 1874 928 1946 DE
959 1874 1183 1948 SANCTO
1212 1874 1463 1948 ANDREA.

497 2173 520 2219 1.
546 2155 679 2219 Laudes
696 2165 732 2219 tu
749 2176 830 2218 cane
848 2156 931 2232 De0,
948 2155 1054 2219 fidelis
1070 2165 1213 2232 caterva,

490 2303 518 2348 2.
545 2285 583 2347 In
601 2285 665 2348 hac
681 2285 850 2367 praeclara
867 2295 967 2366 atque
984 2285 1174 2348 veneranda
1189 2285 1244 2348 die
1260 2303 1394 2367 quoque
1415 2285 1569 2367 pretiosa,

490 2398 516 2461 3.
544 2381 581 2443 ln
599 2401 665 2463 qua
681 2400 858 2463 supernam
877 2383 996 2444 meruit
1014 2379 1169 2443 Andreas
1185 2382 1345 2444 scandere
1362 2381 1443 2444 caeli
1460 2382 1611 2463 patriam.

487 2533 515 2594 4
541 2513 607 2597 Qui
635 2535 711 2577 curn
738 2515 884 2577 mitteret
910 2523 979 2576 rete
1004 2515 1036 2576 in
1068 2534 1200 2596 aquam,
1231 2515 1408 2578 ambulans
1435 2515 1601 2578 Dominus
1627 2515 1723 2577 iuxta

598 2629 688 2672 mare
705 2610 794 2690 quod
812 2619 862 2671 est
879 2609 965 2670 circa
982 2608 1156 2685 Galileam,
1172 2620 1269 2672 vocat
1284 2630 1359 2672 curn
1373 2629 1454 2673 voce
1470 2611 1546 2692 pia:

490 2719 515 2785 5.
539 2709 555 2736 “
573 2705 658 2768 Veni
676 2715 711 2767 tu
723 2703 748 2780 '',
765 2704 881 2785 inquit,
897 2709 1000 2786 “post
1018 2725 1080 2781 me,
1089 2702 1209 2767 saciam
1226 2704 1355 2767 animas
1372 2713 1406 2768 te
1421 2704 1541 2788 piscari
1558 2705 1600 2768 ad
1618 2706 1720 2767 vitam

593 2801 664 2861 sine
682 2797 746 2861 fine
763 2808 968 2881 perpetuam,
981 2799 1108 2862 habens
1124 2808 1160 2862 tu
1179 2819 1288 2861 meam
1307 2800 1460 2880 gratiam.
1477 2800 1492 2826 '’

485 2932 513 2993 6.
540 2930 624 2993 Mox
651 2940 688 2992 ut
715 2930 842 2992 audivit
873 2949 989 2993 vocem
1016 2929 1139 2994 Christi
1168 2930 1358 3012 benignam,
1385 2931 1495 2994 navim
1519 2929 1721 3011 contempsit

592 3037 692 3108 atque
709 3047 769 3088 sua
786 3027 878 3103 retia,
896 3025 977 3088 Eius
994 3045 1137 3108 sequens
1152 3027 1301 3108 vestigia.

483 3139 510 3202 7.
538 3122 616 3184 Post
633 3123 724 3199 haec,
739 3121 852 3184 divina
869 3119 1014 3202 repletus
1041 3121 1213 3202 sapientia,
1229 3139 1363 3184 omnem
1389 3139 1446 3202 per
1463 3121 1577 3183 orbern
1595 3122 1719 3183 docens

593 3217 731 3280 Domini
749 3217 869 3292 edicta,
885 3215 991 3279 multa
1008 3225 1143 3298 patrans
1160 3215 1329 3294 miracula,

483 3351 510 3412 8.
536 3349 683 3411 Demum
703 3349 818 3410 Patras
835 3348 1002 3430 ingressus
1018 3356 1135 3410 contra
1150 3356 1330 3430 tyrannum
1349 3347 1488 3430 Egeam,

482 3462 510 3522 9.
537 3445 654 3508 Fretus
671 3444 784 3506 divina
797 3454 898 3524 atque
915 3463 1057 3526 superna
1075 3443 1310 3521 misericordia,

465 3591 510 3638 10.
536 3575 679 3637 Fortiter
690 3587 816 3658 pugnat
830 3575 1068 3656 biduo,poenas
1079 3575 1254 3638 exsultans
1266 3585 1298 3639 et
1309 3577 1461 3658 gaudens
1471 3577 1576 3639 crucis
1588 3577 1718 3652 tolerat,

464 3688 509 3734 11.
536 3670 739 3752 Plebemque
756 3671 875 3733 docere
893 3672 1029 3734 minime
1044 3682 1161 3748 cessat,
1177 3673 1418 3736 commendans
1436 3672 1511 3734 Deo
1528 3673 1665 3750 animas,

463 3818 510 3866 12.
534 3801 655 3867 Caelos
671 3811 850 3884 penetrans
866 3822 942 3865 curn
957 3802 1061 3866 multa
1078 3803 1321 3886 splendidaque
1337 3803 1443 3886 gloria

462 3913 508 3977 13.
534 3898 604 3964 Ubi
621 3899 691 3960 sine
708 3896 773 3960 fine
789 3899 914 3978 gaudet
930 3918 1006 3960 curn
1023 3899 1147 3961 sanctis
1164 3900 1196 3961 in
1214 3899 1358 3975 aethera,

462 4045 508 4106 14
534 4027 692 4091 Laudans
710 4026 821 4089 Deum
839 4047 897 4109 per
913 4027 1053 4090 saecula.

492 4213 699 4264 Manuscrtts.
724 4208 836 4262 Parus:
866 4207 938 4262 Bibl.
959 4209 1035 4276 Nat,
1048 4209 1109 4275 879,
1132 4207 1231 4262 Missel
1256 4208 1293 4263 de
1312 4209 1418 4278 l'e'glise
1439 4196 1655 4268 saint-brienne
1677 4215 1714 4271 de

458 4289 554 4358 Dijon‚
568 4295 614 4340 xve
623 4286 716 4353 siecle,
731 4287 755 4340 S
758 4305 773 4352 ,·
806 4299 900 4356 15105‚
915 4286 1044 4342 Prosaire
1063 4287 1245 4356 avecgloses,
1259 4288 1401 4356 xv⁰sibcle,
1423 4290 1451 4343 l'.
1483 4292 1713 4350 Asuuununnlr

456 4370 577 4422 PLneE:
594 4367 693 4421 Missel
707 4367 743 4419 de
755 4366 917 4436 Dijon,xiv⁸
926 4365 1019 4434 siecle,
1032 4367 1127 4421 ASH.

491 4523 506 4578 3
525 4507 596 4564 caeli
610 4522 735 4576 manque
747 4507 820 4560 daus
840 4507 869 4560 ll.

488 4604 506 4654 4
524 4587 713 4642 committeret
734 4587 764 4640 ll.
795 4586 871 4640 circa
885 4587 1003 4642 Galeam
1015 4585 1048 4654 (l)
1069 4586 1098 4639 V.

475 4683 506 4722 ro
524 4668 635 4722 tollerat
655 4665 684 4719 ll.

474 4762 502 4802 ιι
524 4745 710 4802 commendas
723 4742 757 4810 (l)
773 4743 864 4797 ΑΕΗ.
