<?xml version="1.0" encoding="UTF-8"?>
<!DOCTYPE html PUBLIC "-//W3C//DTD XHTML 1.0 Transitional//EN"
    "http://www.w3.org/TR/xhtml1/DTD/xhtml1-transitional.dtd">
<html xmlns="http://www.w3.org/1999/xhtml" xml:lang="en" lang="en">
 <head>
  <title>
</title>
<meta http-equiv="Content-Type" content="text/html;charset=utf-8" />
  <meta name='ocr-system' content='tesseract 3.04.00' />
  <meta name='ocr-capabilities' content='ocr_page ocr_carea ocr_par ocr_line ocrx_word'/>
</head>
<body>
  <div class='ocr_page' id='page_1' title='image "./analectaliturgi00wealgoog/analectaliturgi00wealgoog_0085.png"; bbox 0 0 4094 5796; ppageno 0'>
   <div class='ocr_carea' id='block_1_1' title="bbox 813 479 1393 544">
    <p class='ocr_par' dir='ltr' id='par_1_1' title="bbox 813 479 1393 544">
     <span class='ocr_line' id='line_1_1' title="bbox 813 479 1393 544; baseline 0.002 -14"><span class='ocrx_word' id='word_1_1' title='bbox 813 479 954 532; x_wconf 80' lang='lat' dir='ltr'><strong>PROSAE</strong></span> <span class='ocrx_word' id='word_1_2' title='bbox 982 479 1185 530; x_wconf 82' lang='lat' dir='ltr'><strong>ECCLESIAE</strong></span> <span class='ocrx_word' id='word_1_3' title='bbox 1210 479 1393 544; x_wconf 79' lang='lat' dir='ltr'><strong>AQVENSIS</strong></span> 
     </span>
    </p>
   </div>
   <div class='ocr_carea' id='block_1_2' title="bbox 627 653 1588 747">
    <p class='ocr_par' dir='ltr' id='par_1_2' title="bbox 627 653 1588 747">
     <span class='ocr_line' id='line_1_2' title="bbox 627 653 1588 747; baseline 0.003 -21"><span class='ocrx_word' id='word_1_4' title='bbox 627 675 684 747; x_wconf 86' lang='lat'><strong>53.</strong></span> <span class='ocrx_word' id='word_1_5' title='bbox 720 654 796 727; x_wconf 89' lang='lat' dir='ltr'><strong>DE</strong></span> <span class='ocrx_word' id='word_1_6' title='bbox 830 653 1234 729; x_wconf 88' lang='lat' dir='ltr'><strong>ASSVMPTIONE</strong></span> <span class='ocrx_word' id='word_1_7' title='bbox 1272 655 1312 728; x_wconf 93' lang='lat' dir='ltr'><strong>B.</strong></span> <span class='ocrx_word' id='word_1_8' title='bbox 1350 653 1588 729; x_wconf 81' lang='lat' dir='ltr'><strong>MARIAE.</strong></span> 
     </span>
    </p>
   </div>
   <div class='ocr_carea' id='block_1_3' title="bbox 778 847 789 892">
    <p class='ocr_par' dir='ltr' id='par_1_3' title="bbox 778 847 789 892">
     <span class='ocr_line' id='line_1_3' title="bbox 778 847 789 892; baseline 0 0"><span class='ocrx_word' id='word_1_9' title='bbox 778 847 789 892; x_wconf 97' lang='lat'>1</span> 
     </span>
    </p>
   </div>
   <div class='ocr_carea' id='block_1_4' title="bbox 512 932 974 1300">
    <p class='ocr_par' dir='ltr' id='par_1_4' title="bbox 514 932 935 1092">
     <span class='ocr_line' id='line_1_4' title="bbox 514 932 935 999; baseline -0.007 0"><span class='ocrx_word' id='word_1_10' title='bbox 514 932 659 999; x_wconf 85' lang='lat' dir='ltr'><strong>Sanctae</strong></span> <span class='ocrx_word' id='word_1_11' title='bbox 676 933 739 995; x_wconf 90' lang='lat' dir='ltr'><strong>Dei</strong></span> <span class='ocrx_word' id='word_1_12' title='bbox 758 933 935 997; x_wconf 87' lang='lat' dir='ltr'><strong>Genitricis</strong></span> 
     </span>
     <span class='ocr_line' id='line_1_5' title="bbox 557 1029 867 1092; baseline 0 0"><span class='ocrx_word' id='word_1_13' title='bbox 557 1029 867 1092; x_wconf 46' lang='lat' dir='ltr'><strong>&amp;mmmm</strong></span> 
     </span>
    </p>

    <p class='ocr_par' dir='ltr' id='par_1_5' title="bbox 512 1125 974 1300">
     <span class='ocr_line' id='line_1_6' title="bbox 512 1125 974 1209; baseline 0 -21"><span class='ocrx_word' id='word_1_14' title='bbox 512 1125 589 1209; x_wconf 82' lang='lat' dir='ltr'><strong>Qua</strong></span> <span class='ocrx_word' id='word_1_15' title='bbox 605 1135 765 1188; x_wconf 89' lang='lat' dir='ltr'><strong>sanantur</strong></span> <span class='ocrx_word' id='word_1_16' title='bbox 781 1127 974 1206; x_wconf 90' lang='lat' dir='ltr'><strong>peccatricis</strong></span> 
     </span>
     <span class='ocr_line' id='line_1_7' title="bbox 556 1221 900 1300; baseline -0.006 -15"><span class='ocrx_word' id='word_1_17' title='bbox 556 1221 692 1285; x_wconf 90' lang='lat' dir='ltr'>morbus</span> <span class='ocrx_word' id='word_1_18' title='bbox 704 1231 737 1284; x_wconf 91' lang='lat' dir='ltr'><strong>et</strong></span> <span class='ocrx_word' id='word_1_19' title='bbox 754 1221 900 1300; x_wconf 82' lang='lat' dir='ltr'><strong>infamia,</strong></span> 
     </span>
    </p>
   </div>
   <div class='ocr_carea' id='block_1_5' title="bbox 772 1359 790 1404">
    <p class='ocr_par' dir='ltr' id='par_1_6' title="bbox 772 1359 790 1404">
     <span class='ocr_line' id='line_1_8' title="bbox 772 1359 790 1404; baseline 0 0"><span class='ocrx_word' id='word_1_20' title='bbox 772 1359 790 1404; x_wconf 85' lang='lat'><em>2</em></span> 
     </span>
    </p>
   </div>
   <div class='ocr_carea' id='block_1_6' title="bbox 511 1461 964 1834">
    <p class='ocr_par' dir='ltr' id='par_1_7' title="bbox 511 1461 964 1640">
     <span class='ocr_line' id='line_1_9' title="bbox 511 1461 964 1545; baseline -0.007 -18"><span class='ocrx_word' id='word_1_21' title='bbox 511 1463 583 1527; x_wconf 92' lang='lat' dir='ltr'><strong>Nos</strong></span> <span class='ocrx_word' id='word_1_22' title='bbox 601 1461 743 1526; x_wconf 90' lang='lat' dir='ltr'><strong>invitant</strong></span> <span class='ocrx_word' id='word_1_23' title='bbox 760 1463 802 1526; x_wconf 91' lang='lat' dir='ltr'><strong>ad</strong></span> <span class='ocrx_word' id='word_1_24' title='bbox 820 1483 964 1545; x_wconf 90' lang='lat' dir='ltr'><strong>superna</strong></span> 
     </span>
     <span class='ocr_line' id='line_1_10' title="bbox 553 1559 947 1640; baseline 0 -19"><span class='ocrx_word' id='word_1_25' title='bbox 553 1559 728 1640; x_wconf 90' lang='lat' dir='ltr'><strong>posthaec</strong></span> <span class='ocrx_word' id='word_1_26' title='bbox 745 1559 947 1635; x_wconf 89' lang='lat' dir='ltr'><strong>transitoria,</strong></span> 
     </span>
    </p>

    <p class='ocr_par' dir='ltr' id='par_1_8' title="bbox 511 1655 926 1834">
     <span class='ocr_line' id='line_1_11' title="bbox 511 1655 926 1720; baseline -0.005 0"><span class='ocrx_word' id='word_1_27' title='bbox 511 1655 560 1720; x_wconf 94' lang='lat' dir='ltr'><strong>Ut</strong></span> <span class='ocrx_word' id='word_1_28' title='bbox 576 1655 619 1718; x_wconf 92' lang='lat' dir='ltr'><strong>sit</strong></span> <span class='ocrx_word' id='word_1_29' title='bbox 636 1655 732 1717; x_wconf 92' lang='lat' dir='ltr'><strong>nobis</strong></span> <span class='ocrx_word' id='word_1_30' title='bbox 749 1665 926 1718; x_wconf 90' lang='lat' dir='ltr'><strong>coaeterna</strong></span> 
     </span>
     <span class='ocr_line' id='line_1_12' title="bbox 552 1750 904 1834; baseline 0 -20"><span class='ocrx_word' id='word_1_31' title='bbox 552 1771 626 1814; x_wconf 90' lang='lat' dir='ltr'><strong>cum</strong></span> <span class='ocrx_word' id='word_1_32' title='bbox 645 1750 773 1834; x_wconf 85' lang='lat' dir='ltr'>angelis</span> <span class='ocrx_word' id='word_1_33' title='bbox 789 1751 904 1834; x_wconf 87' lang='lat' dir='ltr'><strong>gloria.</strong></span> 
     </span>
    </p>
   </div>
   <div class='ocr_carea' id='block_1_7' title="bbox 770 1887 787 1950">
    <p class='ocr_par' dir='ltr' id='par_1_9' title="bbox 770 1887 787 1950">
     <span class='ocr_line' id='line_1_13' title="bbox 770 1887 787 1950; baseline 0 0"><span class='ocrx_word' id='word_1_34' title='bbox 770 1887 787 1950; x_wconf 84' lang='lat'>3</span> 
     </span>
    </p>
   </div>
   <div class='ocr_carea' id='block_1_8' title="bbox 506 1992 933 2347">
    <p class='ocr_par' dir='ltr' id='par_1_10' title="bbox 506 1992 933 2347">
     <span class='ocr_line' id='line_1_14' title="bbox 508 1992 920 2058; baseline -0.007 0"><span class='ocrx_word' id='word_1_35' title='bbox 508 1992 615 2058; x_wconf 87' lang='lat' dir='ltr'>Stella</span> <span class='ocrx_word' id='word_1_36' title='bbox 632 1993 732 2056; x_wconf 90' lang='lat' dir='ltr'><strong>maris</strong></span> <span class='ocrx_word' id='word_1_37' title='bbox 749 1993 920 2057; x_wconf 88' lang='lat' dir='ltr'><strong>exaltatur</strong></span> 
     </span>
     <span class='ocr_line' id='line_1_15' title="bbox 551 2088 909 2171; baseline -0.006 -18"><span class='ocrx_word' id='word_1_38' title='bbox 551 2088 660 2171; x_wconf 87' lang='lat' dir='ltr'>Super</span> <span class='ocrx_word' id='word_1_39' title='bbox 675 2088 786 2152; x_wconf 88' lang='lat' dir='ltr'><strong>caelos</strong></span> <span class='ocrx_word' id='word_1_40' title='bbox 799 2088 909 2166; x_wconf 90' lang='lat' dir='ltr'><strong>hodie,</strong></span> 
     </span>
     <span class='ocr_line' id='line_1_16' title="bbox 506 2184 933 2249; baseline -0.002 0"><span class='ocrx_word' id='word_1_41' title='bbox 506 2184 720 2249; x_wconf 91' lang='lat' dir='ltr'><strong>Deus-homo</strong></span> <span class='ocrx_word' id='word_1_42' title='bbox 737 2185 818 2248; x_wconf 89' lang='lat' dir='ltr'><strong>mire</strong></span> <span class='ocrx_word' id='word_1_43' title='bbox 834 2185 933 2249; x_wconf 92' lang='lat' dir='ltr'><strong>datur</strong></span> 
     </span>
     <span class='ocr_line' id='line_1_17' title="bbox 549 2281 912 2347; baseline -0.006 0"><span class='ocrx_word' id='word_1_44' title='bbox 549 2301 663 2347; x_wconf 88' lang='lat' dir='ltr'><strong>comes</strong></span> <span class='ocrx_word' id='word_1_45' title='bbox 680 2281 912 2345; x_wconf 91' lang='lat' dir='ltr'><strong>Matri-Filiae.</strong></span> 
     </span>
    </p>
   </div>
   <div class='ocr_carea' id='block_1_9' title="bbox 766 2428 788 2488">
    <p class='ocr_par' dir='ltr' id='par_1_11' title="bbox 766 2428 788 2488">
     <span class='ocr_line' id='line_1_18' title="bbox 766 2428 788 2488; baseline 0 0"><span class='ocrx_word' id='word_1_46' title='bbox 766 2428 788 2488; x_wconf 91' lang='lat'>4</span> 
     </span>
    </p>
   </div>
   <div class='ocr_carea' id='block_1_10' title="bbox 506 2530 959 2900">
    <p class='ocr_par' dir='ltr' id='par_1_12' title="bbox 506 2530 959 2900">
     <span class='ocr_line' id='line_1_19' title="bbox 509 2530 937 2611; baseline -0.005 -18"><span class='ocrx_word' id='word_1_47' title='bbox 509 2530 584 2593; x_wconf 85' lang='lat' dir='ltr'><strong>Hac</strong></span> <span class='ocrx_word' id='word_1_48' title='bbox 601 2539 756 2611; x_wconf 91' lang='lat' dir='ltr'><strong>optatum</strong></span> <span class='ocrx_word' id='word_1_49' title='bbox 774 2538 937 2592; x_wconf 88' lang='lat' dir='ltr'><strong>reseratur</strong></span> 
     </span>
     <span class='ocr_line' id='line_1_20' title="bbox 549 2625 899 2689; baseline -0.003 0"><span class='ocrx_word' id='word_1_50' title='bbox 549 2625 647 2689; x_wconf 94' lang='lat' dir='ltr'><strong>nobis</strong></span> <span class='ocrx_word' id='word_1_51' title='bbox 664 2625 764 2688; x_wconf 88' lang='lat' dir='ltr'><strong>limen</strong></span> <span class='ocrx_word' id='word_1_52' title='bbox 782 2626 899 2688; x_wconf 92' lang='lat' dir='ltr'><strong>veniae</strong></span> 
     </span>
     <span class='ocr_line' id='line_1_21' title="bbox 506 2721 959 2804; baseline 0 -20"><span class='ocrx_word' id='word_1_53' title='bbox 506 2721 550 2785; x_wconf 92' lang='lat' dir='ltr'><strong>Et</strong></span> <span class='ocrx_word' id='word_1_54' title='bbox 566 2741 635 2804; x_wconf 88' lang='lat' dir='ltr'><strong>pax</strong></span> <span class='ocrx_word' id='word_1_55' title='bbox 652 2742 746 2785; x_wconf 89' lang='lat' dir='ltr'><strong>sacra</strong></span> <span class='ocrx_word' id='word_1_56' title='bbox 762 2721 959 2785; x_wconf 87' lang='lat' dir='ltr'><strong>reformatur</strong></span> 
     </span>
     <span class='ocr_line' id='line_1_22' title="bbox 546 2817 918 2900; baseline 0.003 -20"><span class='ocrx_word' id='word_1_57' title='bbox 546 2838 621 2881; x_wconf 94' lang='lat' dir='ltr'><strong>curn</strong></span> <span class='ocrx_word' id='word_1_58' title='bbox 640 2817 768 2900; x_wconf 85' lang='lat' dir='ltr'><strong>angelis</strong></span> <span class='ocrx_word' id='word_1_59' title='bbox 783 2817 918 2900; x_wconf 86' lang='lat' dir='ltr'><strong>gloriae.</strong></span> 
     </span>
    </p>
   </div>
   <div class='ocr_carea' id='block_1_11' title="bbox 765 2961 780 3025">
    <p class='ocr_par' dir='ltr' id='par_1_13' title="bbox 765 2961 780 3025">
     <span class='ocr_line' id='line_1_23' title="bbox 765 2961 780 3025; baseline 0 0"><span class='ocrx_word' id='word_1_60' title='bbox 765 2961 780 3025; x_wconf 89' lang='grc'>5</span> 
     </span>
    </p>
   </div>
   <div class='ocr_carea' id='block_1_12' title="bbox 543 3065 997 3418">
    <p class='ocr_par' dir='ltr' id='par_1_14' title="bbox 543 3065 997 3418">
     <span class='ocr_line' id='line_1_24' title="bbox 544 3065 894 3149; baseline -0.003 -19"><span class='ocrx_word' id='word_1_61' title='bbox 544 3065 650 3149; x_wconf 91' lang='lat' dir='ltr'><strong>Virga</strong></span> <span class='ocrx_word' id='word_1_62' title='bbox 668 3067 758 3130; x_wconf 90' lang='lat' dir='ltr'><strong>Iesse</strong></span> <span class='ocrx_word' id='word_1_63' title='bbox 774 3066 894 3142; x_wconf 84' lang='lat' dir='ltr'><strong>floruit,</strong></span> 
     </span>
     <span class='ocr_line' id='line_1_25' title="bbox 543 3163 930 3245; baseline -0.003 -20"><span class='ocrx_word' id='word_1_64' title='bbox 543 3163 637 3245; x_wconf 91' lang='lat' dir='ltr'><strong>virgo</strong></span> <span class='ocrx_word' id='word_1_65' title='bbox 654 3163 740 3244; x_wconf 90' lang='lat' dir='ltr'><strong>parit</strong></span> <span class='ocrx_word' id='word_1_66' title='bbox 756 3163 930 3244; x_wconf 88' lang='lat' dir='ltr'><strong>virginem,</strong></span> 
     </span>
     <span class='ocr_line' id='line_1_26' title="bbox 544 3259 997 3341; baseline -0.002 -19"><span class='ocrx_word' id='word_1_67' title='bbox 544 3259 643 3322; x_wconf 87' lang='lat' dir='ltr'><strong>Pater</strong></span> <span class='ocrx_word' id='word_1_68' title='bbox 659 3259 747 3320; x_wconf 89' lang='lat' dir='ltr'><strong>hunc</strong></span> <span class='ocrx_word' id='word_1_69' title='bbox 764 3279 864 3341; x_wconf 90' lang='lat' dir='ltr'><strong>quem</strong></span> <span class='ocrx_word' id='word_1_70' title='bbox 882 3259 997 3341; x_wconf 88' lang='lat' dir='ltr'><strong>genuit</strong></span> 
     </span>
     <span class='ocr_line' id='line_1_27' title="bbox 544 3353 950 3418; baseline 0.002 -1"><span class='ocrx_word' id='word_1_71' title='bbox 544 3353 655 3417; x_wconf 91' lang='lat' dir='ltr'><strong>Deum</strong></span> <span class='ocrx_word' id='word_1_72' title='bbox 673 3353 753 3417; x_wconf 81' lang='lat' dir='ltr'><strong>lacit</strong></span> <span class='ocrx_word' id='word_1_73' title='bbox 769 3353 950 3418; x_wconf 91' lang='lat' dir='ltr'><strong>hominem.</strong></span> 
     </span>
    </p>
   </div>
   <div class='ocr_carea' id='block_1_13' title="bbox 760 3483 781 3546">
    <p class='ocr_par' dir='ltr' id='par_1_15' title="bbox 760 3483 781 3546">
     <span class='ocr_line' id='line_1_28' title="bbox 760 3483 781 3546; baseline 0 0"><span class='ocrx_word' id='word_1_74' title='bbox 760 3483 781 3546; x_wconf 92' lang='lat'><strong>6</strong></span> 
     </span>
    </p>
   </div>
   <div class='ocr_carea' id='block_1_14' title="bbox 498 3606 986 3977">
    <p class='ocr_par' dir='ltr' id='par_1_16' title="bbox 501 3606 986 3785">
     <span class='ocr_line' id='line_1_29' title="bbox 501 3606 986 3684; baseline -0.006 -12"><span class='ocrx_word' id='word_1_75' title='bbox 501 3606 557 3672; x_wconf 89' lang='lat' dir='ltr'><strong>Sic</strong></span> <span class='ocrx_word' id='word_1_76' title='bbox 574 3615 757 3682; x_wconf 88' lang='lat' dir='ltr'><strong>aeternum,</strong></span> <span class='ocrx_word' id='word_1_77' title='bbox 774 3606 859 3669; x_wconf 89' lang='lat' dir='ltr'><strong>miro</strong></span> <span class='ocrx_word' id='word_1_78' title='bbox 876 3607 986 3684; x_wconf 92' lang='lat' dir='ltr'><strong>mod0,</strong></span> 
     </span>
     <span class='ocr_line' id='line_1_30' title="bbox 541 3701 884 3785; baseline -0.003 -20"><span class='ocrx_word' id='word_1_79' title='bbox 541 3701 718 3785; x_wconf 89' lang='lat' dir='ltr'><strong>temporali</strong></span> <span class='ocrx_word' id='word_1_80' title='bbox 736 3703 884 3785; x_wconf 90' lang='lat' dir='ltr'><strong>iungitur</strong></span> 
     </span>
    </p>

    <p class='ocr_par' dir='ltr' id='par_1_17' title="bbox 498 3797 915 3977">
     <span class='ocr_line' id='line_1_31' title="bbox 498 3797 915 3876; baseline -0.002 -14"><span class='ocrx_word' id='word_1_81' title='bbox 498 3798 544 3862; x_wconf 93' lang='lat' dir='ltr'><strong>Et</strong></span> <span class='ocrx_word' id='word_1_82' title='bbox 559 3797 712 3874; x_wconf 84' lang='lat' dir='ltr'><strong>fractura,</strong></span> <span class='ocrx_word' id='word_1_83' title='bbox 728 3798 799 3861; x_wconf 90' lang='lat' dir='ltr'><strong>sine</strong></span> <span class='ocrx_word' id='word_1_84' title='bbox 815 3798 915 3876; x_wconf 90' lang='lat' dir='ltr'><strong>nod0,</strong></span> 
     </span>
     <span class='ocr_line' id='line_1_32' title="bbox 541 3894 852 3977; baseline 0.003 -20"><span class='ocrx_word' id='word_1_85' title='bbox 541 3894 605 3957; x_wconf 89' lang='lat' dir='ltr'><strong>Dei</strong></span> <span class='ocrx_word' id='word_1_86' title='bbox 622 3914 721 3977; x_wconf 90' lang='lat' dir='ltr'><strong>posse</strong></span> <span class='ocrx_word' id='word_1_87' title='bbox 737 3895 852 3958; x_wconf 87' lang='lat' dir='ltr'><strong>suitur.</strong></span> 
     </span>
    </p>
   </div>
   <div class='ocr_carea' id='block_1_15' title="bbox 758 4039 777 4104">
    <p class='ocr_par' dir='ltr' id='par_1_18' title="bbox 758 4039 777 4104">
     <span class='ocr_line' id='line_1_33' title="bbox 758 4039 777 4104; baseline 0 0"><span class='ocrx_word' id='word_1_88' title='bbox 758 4039 777 4104; x_wconf 92' lang='lat'><em>7</em></span> 
     </span>
    </p>
   </div>
   <div class='ocr_carea' id='block_1_16' title="bbox 537 4139 947 4510">
    <p class='ocr_par' dir='ltr' id='par_1_19' title="bbox 537 4139 947 4510">
     <span class='ocr_line' id='line_1_34' title="bbox 540 4139 947 4222; baseline 0 -18"><span class='ocrx_word' id='word_1_89' title='bbox 540 4140 618 4204; x_wconf 87' lang='lat' dir='ltr'><strong>Flos</strong></span> <span class='ocrx_word' id='word_1_90' title='bbox 634 4141 677 4204; x_wconf 93' lang='lat' dir='ltr'><strong>de</strong></span> <span class='ocrx_word' id='word_1_91' title='bbox 692 4141 789 4222; x_wconf 87' lang='lat' dir='ltr'><strong>spina</strong></span> <span class='ocrx_word' id='word_1_92' title='bbox 805 4139 947 4222; x_wconf 90' lang='lat' dir='ltr'><strong>pullulat</strong></span> 
     </span>
     <span class='ocr_line' id='line_1_35' title="bbox 538 4235 924 4318; baseline -0.005 -18"><span class='ocrx_word' id='word_1_93' title='bbox 538 4257 611 4300; x_wconf 89' lang='lat' dir='ltr'><strong>rore</strong></span> <span class='ocrx_word' id='word_1_94' title='bbox 629 4235 745 4302; x_wconf 90' lang='lat' dir='ltr'><strong>Sancti</strong></span> <span class='ocrx_word' id='word_1_95' title='bbox 764 4236 908 4318; x_wconf 88' lang='lat' dir='ltr'><strong>Spiritus</strong></span> <span class='ocrx_word' id='word_1_96' title='bbox 916 4257 924 4314; x_wconf 90' lang='lat'>;</span> 
     </span>
     <span class='ocr_line' id='line_1_36' title="bbox 537 4331 903 4408; baseline -0.005 -12"><span class='ocrx_word' id='word_1_97' title='bbox 537 4332 649 4396; x_wconf 89' lang='lat' dir='ltr'><strong>Draco</strong></span> <span class='ocrx_word' id='word_1_98' title='bbox 666 4334 772 4396; x_wconf 90' lang='lat' dir='ltr'><strong>victus</strong></span> <span class='ocrx_word' id='word_1_99' title='bbox 790 4331 903 4408; x_wconf 86' lang='lat' dir='ltr'><strong>ululat,</strong></span> 
     </span>
     <span class='ocr_line' id='line_1_37' title="bbox 537 4427 889 4510; baseline 0 -18"><span class='ocrx_word' id='word_1_100' title='bbox 537 4429 631 4510; x_wconf 91' lang='lat' dir='ltr'><strong>prole</strong></span> <span class='ocrx_word' id='word_1_101' title='bbox 646 4430 727 4493; x_wconf 91' lang='lat' dir='ltr'><strong>data</strong></span> <span class='ocrx_word' id='word_1_102' title='bbox 744 4427 889 4492; x_wconf 87' lang='lat' dir='ltr'><strong>caelitus.</strong></span> 
     </span>
    </p>
   </div>
   <div class='ocr_carea' id='block_1_17' title="bbox 755 4559 774 4620">
    <p class='ocr_par' dir='ltr' id='par_1_20' title="bbox 755 4559 774 4620">
     <span class='ocr_line' id='line_1_38' title="bbox 755 4559 774 4620; baseline 0 0"><span class='ocrx_word' id='word_1_103' title='bbox 755 4559 774 4620; x_wconf 89' lang='lat'>8</span> 
     </span>
    </p>
   </div>
   <div class='ocr_carea' id='block_1_18' title="bbox 495 4675 1003 4760">
    <p class='ocr_par' dir='ltr' id='par_1_21' title="bbox 495 4675 1003 4760">
     <span class='ocr_line' id='line_1_39' title="bbox 495 4675 1003 4760; baseline -0.004 -18"><span class='ocrx_word' id='word_1_104' title='bbox 495 4675 605 4742; x_wconf 90' lang='lat' dir='ltr'><strong>Huius</strong></span> <span class='ocrx_word' id='word_1_105' title='bbox 621 4678 737 4760; x_wconf 85' lang='lat' dir='ltr'><strong>spinae</strong></span> <span class='ocrx_word' id='word_1_106' title='bbox 755 4677 814 4739; x_wconf 85' lang='lat' dir='ltr'><strong>lios</strong></span> <span class='ocrx_word' id='word_1_107' title='bbox 832 4677 1003 4753; x_wconf 70' lang='lat' dir='ltr'><strong>secundus</strong></span> 
     </span>
    </p>
   </div>
   <div class='ocr_carea' id='block_1_19' title="bbox 491 4773 963 5046">
    <p class='ocr_par' dir='ltr' id='par_1_22' title="bbox 491 4773 963 5046">
     <span class='ocr_line' id='line_1_40' title="bbox 535 4773 896 4854; baseline -0.011 -16"><span class='ocrx_word' id='word_1_108' title='bbox 535 4785 613 4838; x_wconf 87' lang='lat' dir='ltr'><strong>ante</strong></span> <span class='ocrx_word' id='word_1_109' title='bbox 629 4773 737 4837; x_wconf 88' lang='lat' dir='ltr'><strong>saecla</strong></span> <span class='ocrx_word' id='word_1_110' title='bbox 753 4773 896 4854; x_wconf 85' lang='lat' dir='ltr'><strong>genitus,</strong></span> 
     </span>
     <span class='ocr_line' id='line_1_41' title="bbox 491 4868 963 4933; baseline -0.004 -1"><span class='ocrx_word' id='word_1_111' title='bbox 491 4869 586 4933; x_wconf 85' lang='lat' dir='ltr'><strong>Facit</strong></span> <span class='ocrx_word' id='word_1_112' title='bbox 603 4879 639 4933; x_wconf 93' lang='lat' dir='ltr'><strong>ut</strong></span> <span class='ocrx_word' id='word_1_113' title='bbox 655 4869 800 4932; x_wconf 90' lang='lat' dir='ltr'><strong>salvetur</strong></span> <span class='ocrx_word' id='word_1_114' title='bbox 818 4868 963 4931; x_wconf 88' lang='lat' dir='ltr'><strong>mundus</strong></span> 
     </span>
     <span class='ocr_line' id='line_1_42' title="bbox 534 4963 886 5046; baseline -0.003 -17"><span class='ocrx_word' id='word_1_115' title='bbox 534 4965 566 5029; x_wconf 88' lang='lat' dir='ltr'><strong>in</strong></span> <span class='ocrx_word' id='word_1_116' title='bbox 584 4964 733 5046; x_wconf 86' lang='lat' dir='ltr'><strong>maligno</strong></span> <span class='ocrx_word' id='word_1_117' title='bbox 749 4963 886 5046; x_wconf 82' lang='lat' dir='ltr'><strong>positus</strong></span> 
     </span>
    </p>
   </div>
   <div class='ocr_carea' id='block_1_20' title="bbox 1144 843 1597 1013">
    <p class='ocr_par' dir='ltr' id='par_1_23' title="bbox 1144 843 1597 1013">
     <span class='ocr_line' id='line_1_43' title="bbox 1403 843 1424 906; baseline 0 0"><span class='ocrx_word' id='word_1_118' title='bbox 1403 843 1424 906; x_wconf 95' lang='lat'>9</span> 
     </span>
     <span class='ocr_line' id='line_1_44' title="bbox 1144 930 1597 1013; baseline -0.002 -18"><span class='ocrx_word' id='word_1_119' title='bbox 1144 932 1209 995; x_wconf 93' lang='lat' dir='ltr'><strong>Hic</strong></span> <span class='ocrx_word' id='word_1_120' title='bbox 1225 943 1275 995; x_wconf 89' lang='lat' dir='ltr'><strong>est</strong></span> <span class='ocrx_word' id='word_1_121' title='bbox 1292 951 1389 995; x_wconf 91' lang='lat' dir='ltr'><strong>verus</strong></span> <span class='ocrx_word' id='word_1_122' title='bbox 1408 930 1597 1013; x_wconf 88' lang='lat' dir='ltr'><strong>Helysaeus</strong></span> 
     </span>
    </p>
   </div>
   <div class='ocr_carea' id='block_1_21' title="bbox 1141 1025 1627 1286">
    <p class='ocr_par' dir='ltr' id='par_1_24' title="bbox 1141 1025 1627 1286">
     <span class='ocr_line' id='line_1_45' title="bbox 1186 1025 1627 1110; baseline -0.002 -19"><span class='ocrx_word' id='word_1_123' title='bbox 1186 1048 1290 1110; x_wconf 88' lang='lat' dir='ltr'><strong>aquas</strong></span> <span class='ocrx_word' id='word_1_124' title='bbox 1307 1028 1473 1090; x_wconf 91' lang='lat' dir='ltr'><strong>mundans</strong></span> <span class='ocrx_word' id='word_1_125' title='bbox 1489 1025 1627 1104; x_wconf 89' lang='lat' dir='ltr'><strong>steriles,</strong></span> 
     </span>
     <span class='ocr_line' id='line_1_46' title="bbox 1141 1123 1599 1208; baseline -0.004 -19"><span class='ocrx_word' id='word_1_126' title='bbox 1141 1125 1219 1208; x_wconf 85' lang='lat' dir='ltr'><strong>Quo</strong></span> <span class='ocrx_word' id='word_1_127' title='bbox 1234 1125 1377 1187; x_wconf 90' lang='lat' dir='ltr'><strong>vincitur</strong></span> <span class='ocrx_word' id='word_1_128' title='bbox 1394 1123 1599 1188; x_wconf 85' lang='lat' dir='ltr'><strong>Amorraeus</strong></span> 
     </span>
     <span class='ocr_line' id='line_1_47' title="bbox 1186 1218 1577 1286; baseline -0.005 -1"><span class='ocrx_word' id='word_1_129' title='bbox 1186 1221 1234 1286; x_wconf 93' lang='lat' dir='ltr'><strong>Ut</strong></span> <span class='ocrx_word' id='word_1_130' title='bbox 1251 1229 1410 1284; x_wconf 88' lang='lat' dir='ltr'><strong>sanentur</strong></span> <span class='ocrx_word' id='word_1_131' title='bbox 1425 1218 1577 1283; x_wconf 89' lang='lat' dir='ltr'><strong>humiles.</strong></span> 
     </span>
    </p>
   </div>
   <div class='ocr_carea' id='block_1_22' title="bbox 1395 1359 1433 1404">
    <p class='ocr_par' dir='ltr' id='par_1_25' title="bbox 1395 1359 1433 1404">
     <span class='ocr_line' id='line_1_48' title="bbox 1395 1359 1433 1404; baseline 0 0"><span class='ocrx_word' id='word_1_132' title='bbox 1395 1359 1433 1404; x_wconf 91' lang='lat'><strong>10</strong></span> 
     </span>
    </p>
   </div>
   <div class='ocr_carea' id='block_1_23' title="bbox 1141 1461 1622 1832">
    <p class='ocr_par' dir='ltr' id='par_1_26' title="bbox 1141 1461 1622 1623">
     <span class='ocr_line' id='line_1_49' title="bbox 1141 1461 1622 1543; baseline -0.004 -17"><span class='ocrx_word' id='word_1_133' title='bbox 1141 1463 1279 1526; x_wconf 87' lang='lat' dir='ltr'><strong>Ferrum</strong></span> <span class='ocrx_word' id='word_1_134' title='bbox 1298 1461 1428 1543; x_wconf 89' lang='lat' dir='ltr'><strong>lapsum</strong></span> <span class='ocrx_word' id='word_1_135' title='bbox 1447 1469 1622 1525; x_wconf 91' lang='lat' dir='ltr'><strong>revocatur</strong></span> 
     </span>
     <span class='ocr_line' id='line_1_50' title="bbox 1185 1557 1616 1623; baseline -0.005 -1"><span class='ocrx_word' id='word_1_136' title='bbox 1185 1569 1304 1623; x_wconf 92' lang='lat' dir='ltr'><strong>natans</strong></span> <span class='ocrx_word' id='word_1_137' title='bbox 1321 1559 1363 1621; x_wconf 93' lang='lat' dir='ltr'><strong>ad</strong></span> <span class='ocrx_word' id='word_1_138' title='bbox 1382 1557 1616 1620; x_wconf 89' lang='lat' dir='ltr'><strong>manubrium:</strong></span> 
     </span>
    </p>

    <p class='ocr_par' dir='ltr' id='par_1_27' title="bbox 1141 1653 1575 1832">
     <span class='ocr_line' id='line_1_51' title="bbox 1141 1653 1559 1737; baseline -0.005 -19"><span class='ocrx_word' id='word_1_139' title='bbox 1141 1655 1373 1737; x_wconf 86' lang='lat' dir='ltr'><strong>Virgo-Mater</strong></span> <span class='ocrx_word' id='word_1_140' title='bbox 1389 1653 1559 1718; x_wconf 90' lang='lat' dir='ltr'><strong>exaltatur</strong></span> 
     </span>
     <span class='ocr_line' id='line_1_52' title="bbox 1180 1749 1575 1832; baseline 0.003 -19"><span class='ocrx_word' id='word_1_141' title='bbox 1180 1759 1354 1832; x_wconf 89' lang='lat' dir='ltr'><strong>assumpta</strong></span> <span class='ocrx_word' id='word_1_142' title='bbox 1368 1770 1427 1832; x_wconf 90' lang='lat' dir='ltr'><strong>per</strong></span> <span class='ocrx_word' id='word_1_143' title='bbox 1444 1749 1575 1814; x_wconf 89' lang='lat' dir='ltr'><strong>Filium.</strong></span> 
     </span>
    </p>
   </div>
   <div class='ocr_carea' id='block_1_24' title="bbox 1393 1889 1425 1934">
    <p class='ocr_par' dir='ltr' id='par_1_28' title="bbox 1393 1889 1425 1934">
     <span class='ocr_line' id='line_1_53' title="bbox 1393 1889 1425 1934; baseline 0 0"><span class='ocrx_word' id='word_1_144' title='bbox 1393 1889 1425 1934; x_wconf 91' lang='lat'><strong>11</strong></span> 
     </span>
    </p>
   </div>
   <div class='ocr_carea' id='block_1_25' title="bbox 1136 1992 1588 2347">
    <p class='ocr_par' dir='ltr' id='par_1_29' title="bbox 1140 1992 1583 2154">
     <span class='ocr_line' id='line_1_54' title="bbox 1140 1992 1582 2058; baseline -0.002 -1"><span class='ocrx_word' id='word_1_145' title='bbox 1140 1992 1267 2058; x_wconf 87' lang='lat' dir='ltr'><strong>Cortex</strong></span> <span class='ocrx_word' id='word_1_146' title='bbox 1284 1993 1390 2057; x_wconf 90' lang='lat' dir='ltr'><strong>siccus</strong></span> <span class='ocrx_word' id='word_1_147' title='bbox 1407 1992 1582 2056; x_wconf 87' lang='lat' dir='ltr'><strong>distillavit</strong></span> 
     </span>
     <span class='ocr_line' id='line_1_55' title="bbox 1183 2087 1583 2154; baseline 0.005 -2"><span class='ocrx_word' id='word_1_148' title='bbox 1183 2089 1216 2153; x_wconf 93' lang='lat' dir='ltr'><strong>in</strong></span> <span class='ocrx_word' id='word_1_149' title='bbox 1233 2090 1354 2154; x_wconf 90' lang='lat' dir='ltr'><strong>sudore</strong></span> <span class='ocrx_word' id='word_1_150' title='bbox 1371 2087 1583 2154; x_wconf 89' lang='lat' dir='ltr'><strong>balsamum:</strong></span> 
     </span>
    </p>

    <p class='ocr_par' dir='ltr' id='par_1_30' title="bbox 1136 2185 1588 2347">
     <span class='ocr_line' id='line_1_56' title="bbox 1136 2185 1562 2268; baseline 0 -20"><span class='ocrx_word' id='word_1_151' title='bbox 1136 2185 1345 2268; x_wconf 88' lang='lat' dir='ltr'><strong>Virginalem</strong></span> <span class='ocrx_word' id='word_1_152' title='bbox 1362 2185 1562 2249; x_wconf 88' lang='lat' dir='ltr'><strong>subintravit</strong></span> 
     </span>
     <span class='ocr_line' id='line_1_57' title="bbox 1181 2279 1588 2347; baseline 0.007 -3"><span class='ocrx_word' id='word_1_153' title='bbox 1181 2281 1262 2344; x_wconf 87' lang='lat' dir='ltr'><strong>mire</strong></span> <span class='ocrx_word' id='word_1_154' title='bbox 1282 2282 1375 2346; x_wconf 91' lang='lat' dir='ltr'><strong>Deus</strong></span> <span class='ocrx_word' id='word_1_155' title='bbox 1392 2279 1588 2347; x_wconf 89' lang='lat' dir='ltr'><strong>thalamum.</strong></span> 
     </span>
    </p>
   </div>
   <div class='ocr_carea' id='block_1_26' title="bbox 1391 2427 1427 2472">
    <p class='ocr_par' dir='ltr' id='par_1_31' title="bbox 1391 2427 1427 2472">
     <span class='ocr_line' id='line_1_58' title="bbox 1391 2427 1427 2472; baseline 0 0"><span class='ocrx_word' id='word_1_156' title='bbox 1391 2427 1427 2472; x_wconf 87' lang='lat'><strong>12</strong></span> 
     </span>
    </p>
   </div>
   <div class='ocr_carea' id='block_1_27' title="bbox 1136 2529 1547 2902">
    <p class='ocr_par' dir='ltr' id='par_1_32' title="bbox 1136 2529 1547 2704">
     <span class='ocr_line' id='line_1_59' title="bbox 1136 2529 1547 2613; baseline 0.002 -20"><span class='ocrx_word' id='word_1_157' title='bbox 1136 2531 1182 2594; x_wconf 93' lang='lat' dir='ltr'><strong>Et</strong></span> <span class='ocrx_word' id='word_1_158' title='bbox 1198 2531 1245 2594; x_wconf 90' lang='lat' dir='ltr'><strong>sic</strong></span> <span class='ocrx_word' id='word_1_159' title='bbox 1262 2529 1367 2594; x_wconf 91' lang='lat' dir='ltr'><strong>vellus</strong></span> <span class='ocrx_word' id='word_1_160' title='bbox 1384 2532 1547 2613; x_wconf 86' lang='lat' dir='ltr'><strong>irrigatur,</strong></span> 
     </span>
     <span class='ocr_line' id='line_1_60' title="bbox 1180 2627 1535 2704; baseline 0 -14"><span class='ocrx_word' id='word_1_161' title='bbox 1180 2627 1283 2690; x_wconf 89' lang='lat' dir='ltr'><strong>misso</strong></span> <span class='ocrx_word' id='word_1_162' title='bbox 1299 2647 1372 2691; x_wconf 88' lang='lat' dir='ltr'><strong>rore</strong></span> <span class='ocrx_word' id='word_1_163' title='bbox 1387 2627 1535 2704; x_wconf 89' lang='lat' dir='ltr'><strong>caelitus,</strong></span> 
     </span>
    </p>

    <p class='ocr_par' dir='ltr' id='par_1_33' title="bbox 1136 2720 1546 2902">
     <span class='ocr_line' id='line_1_61' title="bbox 1136 2720 1546 2787; baseline -0.002 -1"><span class='ocrx_word' id='word_1_164' title='bbox 1136 2723 1181 2786; x_wconf 93' lang='lat' dir='ltr'><strong>Et</strong></span> <span class='ocrx_word' id='word_1_165' title='bbox 1197 2722 1364 2787; x_wconf 90' lang='lat' dir='ltr'><strong>caelorum</strong></span> <span class='ocrx_word' id='word_1_166' title='bbox 1380 2720 1546 2787; x_wconf 70' lang='lat' dir='ltr'><strong>&#39;reseratur</strong></span> 
     </span>
     <span class='ocr_line' id='line_1_62' title="bbox 1175 2820 1489 2902; baseline 0 -19"><span class='ocrx_word' id='word_1_167' title='bbox 1175 2820 1353 2902; x_wconf 88' lang='lat' dir='ltr'><strong>captivatis</strong></span> <span class='ocrx_word' id='word_1_168' title='bbox 1370 2820 1489 2884; x_wconf 82' lang='lat' dir='ltr'><strong>aditus,</strong></span> 
     </span>
    </p>
   </div>
   <div class='ocr_carea' id='block_1_28' title="bbox 1132 2965 1635 3440">
    <p class='ocr_par' dir='ltr' id='par_1_34' title="bbox 1132 2965 1635 3440">
     <span class='ocr_line' id='line_1_63' title="bbox 1386 2965 1422 3026; baseline 0 0"><span class='ocrx_word' id='word_1_169' title='bbox 1386 2965 1422 3026; x_wconf 89' lang='lat'><strong>13</strong></span> 
     </span>
     <span class='ocr_line' id='line_1_64' title="bbox 1132 3066 1599 3151; baseline 0.002 -18"><span class='ocrx_word' id='word_1_170' title='bbox 1132 3066 1211 3133; x_wconf 91' lang='lat' dir='ltr'><strong>Olla</strong></span> <span class='ocrx_word' id='word_1_171' title='bbox 1227 3068 1364 3150; x_wconf 90' lang='lat' dir='ltr'><strong>grandis</strong></span> <span class='ocrx_word' id='word_1_172' title='bbox 1380 3078 1599 3151; x_wconf 87' lang='lat' dir='ltr'><strong>praeparatur</strong></span> 
     </span>
     <span class='ocr_line' id='line_1_65' title="bbox 1172 3163 1542 3247; baseline 0.003 -21"><span class='ocrx_word' id='word_1_173' title='bbox 1172 3165 1272 3246; x_wconf 91' lang='lat' dir='ltr'><strong>plena</strong></span> <span class='ocrx_word' id='word_1_174' title='bbox 1288 3163 1542 3247; x_wconf 90' lang='lat' dir='ltr'><strong>coloquintinis;</strong></span> 
     </span>
     <span class='ocr_line' id='line_1_66' title="bbox 1132 3260 1576 3337; baseline 0.005 -15"><span class='ocrx_word' id='word_1_175' title='bbox 1132 3260 1225 3322; x_wconf 92' lang='lat' dir='ltr'><strong>Mors</strong></span> <span class='ocrx_word' id='word_1_176' title='bbox 1241 3265 1274 3323; x_wconf 91' lang='lat' dir='ltr'><strong>in</strong></span> <span class='ocrx_word' id='word_1_177' title='bbox 1291 3260 1375 3337; x_wconf 88' lang='lat' dir='ltr'><strong>olla;</strong></span> <span class='ocrx_word' id='word_1_178' title='bbox 1391 3262 1459 3324; x_wconf 89' lang='lat' dir='ltr'><strong>vita</strong></span> <span class='ocrx_word' id='word_1_179' title='bbox 1476 3261 1576 3324; x_wconf 90' lang='lat' dir='ltr'><strong>datur</strong></span> 
     </span>
     <span class='ocr_line' id='line_1_67' title="bbox 1174 3356 1635 3440; baseline 0.007 -21"><span class='ocrx_word' id='word_1_180' title='bbox 1174 3365 1311 3439; x_wconf 92' lang='lat' dir='ltr'><strong>propter</strong></span> <span class='ocrx_word' id='word_1_181' title='bbox 1326 3365 1460 3439; x_wconf 90' lang='lat' dir='ltr'><strong>partum</strong></span> <span class='ocrx_word' id='word_1_182' title='bbox 1478 3356 1635 3440; x_wconf 80' lang='lat' dir='ltr'><strong>Virginis,</strong></span> 
     </span>
    </p>
   </div>
   <div class='ocr_carea' id='block_1_29' title="bbox 1128 3503 1629 3976">
    <p class='ocr_par' dir='ltr' id='par_1_35' title="bbox 1128 3503 1629 3976">
     <span class='ocr_line' id='line_1_68' title="bbox 1385 3503 1425 3565; baseline 0 0"><span class='ocrx_word' id='word_1_183' title='bbox 1385 3503 1425 3565; x_wconf 88' lang='lat' dir='ltr'><strong>I4</strong></span> 
     </span>
     <span class='ocr_line' id='line_1_69' title="bbox 1131 3603 1629 3688; baseline -0.002 -19"><span class='ocrx_word' id='word_1_184' title='bbox 1131 3603 1187 3669; x_wconf 90' lang='lat' dir='ltr'><strong>Sic</strong></span> <span class='ocrx_word' id='word_1_185' title='bbox 1204 3604 1292 3686; x_wconf 91' lang='lat' dir='ltr'><strong>quod</strong></span> <span class='ocrx_word' id='word_1_186' title='bbox 1311 3605 1395 3686; x_wconf 87' lang='lat' dir='ltr'><strong>tegit</strong></span> <span class='ocrx_word' id='word_1_187' title='bbox 1411 3604 1530 3668; x_wconf 91' lang='lat' dir='ltr'><strong>umbra</strong></span> <span class='ocrx_word' id='word_1_188' title='bbox 1546 3604 1629 3688; x_wconf 87' lang='lat' dir='ltr'><strong>legis</strong></span> 
     </span>
     <span class='ocr_line' id='line_1_70' title="bbox 1172 3699 1446 3764; baseline 0.007 -2"><span class='ocrx_word' id='word_1_189' title='bbox 1172 3699 1205 3762; x_wconf 93' lang='lat' dir='ltr'><strong>in</strong></span> <span class='ocrx_word' id='word_1_190' title='bbox 1222 3700 1446 3764; x_wconf 87' lang='lat' dir='ltr'><strong>amaritudine</strong></span> 
     </span>
     <span class='ocr_line' id='line_1_71' title="bbox 1128 3796 1592 3880; baseline 0 -20"><span class='ocrx_word' id='word_1_191' title='bbox 1128 3796 1248 3860; x_wconf 89' lang='lat' dir='ltr'><strong>Virtus</strong></span> <span class='ocrx_word' id='word_1_192' title='bbox 1264 3797 1383 3877; x_wconf 91' lang='lat' dir='ltr'><strong>pandit</strong></span> <span class='ocrx_word' id='word_1_193' title='bbox 1401 3797 1469 3860; x_wconf 90' lang='lat' dir='ltr'><strong>nati</strong></span> <span class='ocrx_word' id='word_1_194' title='bbox 1488 3797 1592 3880; x_wconf 90' lang='lat' dir='ltr'><strong>Regis</strong></span> 
     </span>
     <span class='ocr_line' id='line_1_72' title="bbox 1172 3892 1509 3976; baseline 0.009 -22"><span class='ocrx_word' id='word_1_195' title='bbox 1172 3913 1217 3955; x_wconf 90' lang='lat' dir='ltr'><strong>ex</strong></span> <span class='ocrx_word' id='word_1_196' title='bbox 1234 3892 1343 3956; x_wconf 90' lang='lat' dir='ltr'><strong>Maria</strong></span> <span class='ocrx_word' id='word_1_197' title='bbox 1358 3892 1509 3976; x_wconf 82' lang='lat' dir='ltr'><strong>Virgine.</strong></span> 
     </span>
    </p>
   </div>
   <div class='ocr_carea' id='block_1_30' title="bbox 1169 4036 1567 4302">
    <p class='ocr_par' dir='ltr' id='par_1_36' title="bbox 1169 4036 1567 4302">
     <span class='ocr_line' id='line_1_73' title="bbox 1383 4036 1418 4102; baseline 0 0"><span class='ocrx_word' id='word_1_198' title='bbox 1383 4036 1418 4102; x_wconf 84' lang='lat'><strong>15</strong></span> 
     </span>
     <span class='ocr_line' id='line_1_74' title="bbox 1170 4141 1567 4225; baseline -0.003 -20"><span class='ocrx_word' id='word_1_199' title='bbox 1170 4141 1236 4225; x_wconf 89' lang='lat' dir='ltr'><strong>Qui</strong></span> <span class='ocrx_word' id='word_1_200' title='bbox 1249 4141 1291 4205; x_wconf 91' lang='lat' dir='ltr'><strong>de</strong></span> <span class='ocrx_word' id='word_1_201' title='bbox 1307 4142 1405 4206; x_wconf 89' lang='lat' dir='ltr'><strong>stella</strong></span> <span class='ocrx_word' id='word_1_202' title='bbox 1421 4141 1567 4205; x_wconf 91' lang='lat' dir='ltr'><strong>nascitur</strong></span> 
     </span>
     <span class='ocr_line' id='line_1_75' title="bbox 1169 4237 1499 4302; baseline 0.003 -3"><span class='ocrx_word' id='word_1_203' title='bbox 1169 4237 1263 4302; x_wconf 91' lang='lat' dir='ltr'><strong>iubar</strong></span> <span class='ocrx_word' id='word_1_204' title='bbox 1279 4239 1347 4301; x_wconf 89' lang='lat' dir='ltr'><strong>veri</strong></span> <span class='ocrx_word' id='word_1_205' title='bbox 1364 4238 1499 4301; x_wconf 89' lang='lat' dir='ltr'><strong>luminis</strong></span> 
     </span>
    </p>
   </div>
   <div class='ocr_carea' id='block_1_31' title="bbox 1168 4332 1570 4512">
    <p class='ocr_par' dir='ltr' id='par_1_37' title="bbox 1168 4332 1570 4512">
     <span class='ocr_line' id='line_1_76' title="bbox 1168 4332 1560 4416; baseline 0 -18"><span class='ocrx_word' id='word_1_206' title='bbox 1168 4332 1278 4398; x_wconf 91' lang='lat' dir='ltr'><strong>Carne</strong></span> <span class='ocrx_word' id='word_1_207' title='bbox 1295 4343 1409 4398; x_wconf 90' lang='lat' dir='ltr'><strong>nostra</strong></span> <span class='ocrx_word' id='word_1_208' title='bbox 1426 4335 1560 4416; x_wconf 90' lang='lat' dir='ltr'><strong>tegitur,</strong></span> 
     </span>
     <span class='ocr_line' id='line_1_77' title="bbox 1169 4429 1570 4512; baseline 0.005 -20"><span class='ocrx_word' id='word_1_209' title='bbox 1169 4429 1258 4494; x_wconf 92' lang='lat' dir='ltr'><strong>solus</strong></span> <span class='ocrx_word' id='word_1_210' title='bbox 1275 4451 1398 4512; x_wconf 89' lang='lat' dir='ltr'><strong>expers</strong></span> <span class='ocrx_word' id='word_1_211' title='bbox 1413 4431 1570 4494; x_wconf 90' lang='lat' dir='ltr'><strong>criminis.</strong></span> 
     </span>
    </p>
   </div>
   <div class='ocr_carea' id='block_1_32' title="bbox 1379 4560 1418 4622">
    <p class='ocr_par' dir='ltr' id='par_1_38' title="bbox 1379 4560 1418 4622">
     <span class='ocr_line' id='line_1_78' title="bbox 1379 4560 1418 4622; baseline 0 0"><span class='ocrx_word' id='word_1_212' title='bbox 1379 4560 1418 4622; x_wconf 94' lang='lat'><strong>16</strong></span> 
     </span>
    </p>
   </div>
   <div class='ocr_carea' id='block_1_33' title="bbox 1163 4679 1628 5049">
    <p class='ocr_par' dir='ltr' id='par_1_39' title="bbox 1163 4679 1628 5049">
     <span class='ocr_line' id='line_1_79' title="bbox 1168 4679 1572 4742; baseline 0.002 -1"><span class='ocrx_word' id='word_1_213' title='bbox 1168 4679 1382 4742; x_wconf 89' lang='lat' dir='ltr'><strong>Humanatus</strong></span> <span class='ocrx_word' id='word_1_214' title='bbox 1400 4679 1572 4742; x_wconf 89' lang='lat' dir='ltr'><strong>hominem</strong></span> 
     </span>
     <span class='ocr_line' id='line_1_80' title="bbox 1167 4775 1525 4857; baseline 0.003 -20"><span class='ocrx_word' id='word_1_215' title='bbox 1167 4775 1296 4838; x_wconf 87' lang='lat' dir='ltr'><strong>reducit</strong></span> <span class='ocrx_word' id='word_1_216' title='bbox 1312 4775 1354 4838; x_wconf 92' lang='lat' dir='ltr'><strong>ad</strong></span> <span class='ocrx_word' id='word_1_217' title='bbox 1372 4776 1525 4857; x_wconf 90' lang='lat' dir='ltr'><strong>patriam,</strong></span> 
     </span>
     <span class='ocr_line' id='line_1_81' title="bbox 1163 4870 1573 4954; baseline 0.002 -21"><span class='ocrx_word' id='word_1_218' title='bbox 1163 4870 1381 4934; x_wconf 90' lang='lat' dir='ltr'><strong>Assumendo</strong></span> <span class='ocrx_word' id='word_1_219' title='bbox 1398 4871 1573 4954; x_wconf 88' lang='lat' dir='ltr'><strong>Virginem</strong></span> 
     </span>
     <span class='ocr_line' id='line_1_82' title="bbox 1163 4966 1628 5049; baseline 0 -19"><span class='ocrx_word' id='word_1_220' title='bbox 1163 4966 1318 5045; x_wconf 90' lang='lat' dir='ltr'><strong>Matrem,</strong></span> <span class='ocrx_word' id='word_1_221' title='bbox 1335 4966 1431 5030; x_wconf 91' lang='lat' dir='ltr'><strong>nobis</strong></span> <span class='ocrx_word' id='word_1_222' title='bbox 1447 4967 1628 5049; x_wconf 91' lang='lat' dir='ltr'><strong>praeviam.</strong></span> 
     </span>
    </p>
   </div>
   <div class='ocr_carea' id='block_1_34' title="bbox 0 0 2052 5796">
    <p class='ocr_par' dir='ltr' id='par_1_40' title="bbox 0 0 2052 5796">
     <span class='ocr_line' id='line_1_83' title="bbox 0 0 2052 5796; baseline 0 9"><span class='ocrx_word' id='word_1_223' title='bbox 0 0 2052 5796; x_wconf 95' lang='lat' dir='ltr'><strong> </strong></span> 
     </span>
    </p>
   </div>
  </div>
 </body>
</html>
