4096 5794
447 483 519 578 508
765 501 906 555 prosas
935 499 1138 553 nccnssme
1166 499 1413 552 naaorcsusrs

1061 689 1097 753 ¹7

620 796 774 860 Tandem
791 797 823 859 in
841 797 988 879 quadam
1007 795 1114 859 insula
1131 794 1344 878 Aquigr.iaco
1361 794 1515 877 proxima

623 895 686 958 Pro
703 893 838 959 Christo
854 894 940 956 caesi
958 893 1092 976 propria
1107 891 1217 957 serunt
1234 891 1371 956 tumulis
1387 891 1507 974 capita.

1063 1017 1099 1078 18

623 1133 689 1196 Ter
705 1131 782 1196 deni
799 1141 832 1197 et
849 1132 899 1195 bis
915 1142 1059 1215 quatuor
1075 1152 1149 1196 cum
1168 1130 1219 1193 his
1235 1132 1278 1193 de
1294 1129 1391 1193 turba
1409 1129 1519 1211 impia

622 1230 720 1294 Tunc
735 1229 885 1293 conversi
902 1231 944 1292 ad
964 1229 1146 1292 Dominum
1163 1235 1380 1308 susceperunt
1397 1227 1565 1308 martyria.

1062 1369 1101 1430 19

627 1475 758 1538 Horum
775 1493 846 1552 nos,
862 1473 1002 1552 Christe,
1018 1473 1171 1557 precibus
1187 1494 1207 1536 a
1223 1473 1352 1536 cunctis
1369 1472 1466 1536 malis
1482 1471 1584 1536 libera

627 1573 672 1636 Et
688 1573 733 1636 da
748 1571 863 1636 laetari
881 1569 1002 1654 iugiter
1017 1589 1093 1634 cum
1110 1569 1162 1633 his
1179 1570 1211 1632 in
1229 1569 1305 1633 aula
1322 1569 1454 1648 caelica.

489 1740 682 1790 Manuserlt.
704 1718 858 1788 Evauux:
880 1733 980 1788 Musee
994 1733 1070 1788 dela
1083 1733 1166 1801 Ville,
1178 1748 1222 1801 99,
1238 1733 1337 1788 Missel
1350 1715 1498 1800 d’lfivreux,
1512 1731 1609 1801 (ayant
1618 1739 1712 1784 autre-

452 1814 505 1870 iois
516 1825 672 1886 appartenu
687 1815 704 1868 h
718 1814 810 1868 Raoul
824 1814 861 1867 du
876 1815 898 1866 F
900 1813 957 1882 ou),
967 1821 1014 1865 rue
1023 1812 1118 1882 siecle,
1129 1813 1158 1866 E
1164 1813 1192 1866 V.

635 2092 718 2180 364.
751 2089 826 2162 DE
857 2088 927 2163 SS.
950 2088 1157 2163 CYRlCO
1189 2088 1261 2162 ET
1293 2085 1533 2161 lVLlTTA.

766 2349 777 2394 1

499 2434 670 2500 Christum
690 2435 818 2517 Regem
835 2435 1063 2499 collaudemus
1130 2437 1356 2500 “Trinitatem
1374 2347 1520 2508 uhitatis‚

500 2539 534 2593 et
550 2529 720 2594 laudando
736 2531 966 2616 praedicemus
1133 2533 1296 2595 unitatem
1311 2533 1488 2595 Trinitatis

544 2627 727 2700 martyrum
745 2619 928 2695 victoriam,
1176 2619 1286 2682 Deum
1304 2639 1406 2683 unum
1424 2619 1598 2696 credimus,

502 2713 568 2796 Qui
586 2733 643 2795 per
659 2733 785 2796 poenas
809 2723 1000 2778 meruerunt
1134 2715 1300 2780 Universa
1315 2716 1372 2798 qui
1389 2716 1512 2778 creavit

501 2809 590 2891 quod
608 2809 673 2872 iam
690 2809 819 2872 caelum
837 2809 1043 2874 intraverunt
1132 2820 1165 2874 et
1182 2811 1347 2875 infernum
1364 2810 1529 2892 spoliavit,

544 2913 578 2968 et
593 2904 771 2968 caelestem
787 2904 937 2988 gloriam.
1179 2906 1277 2970 lllurn
1294 2907 1349 2989 pie
1363 2907 1514 2971 colimus.
1527 2907 1542 2935 '’

765 3023 784 3068 2
1395 3007 1416 3070 6

502 3099 592 3183 Quia
608 3100 777 3166 Christum
794 3111 1000 3177 amaverunt,
1135 3101 1278 3164 Pueriles
1294 3121 1375 3183 puer
1392 3122 1509 3164 manus

502 3207 638 3279 propter
654 3216 729 3260 eum
746 3199 955 3262 tradiderunt
1132 3197 1225 3261 caelo
1241 3199 1402 3261 tendens:
1418 3197 1653 3263 “Christianus

546 3312 666 3374 corpus
683 3294 724 3357 ad
739 3295 912 3377 supplicia,
1178 3313 1241 3375 ego
1258 3283 1330 3356 sum
1344 3293 1370 3370 ”,
1389 3294 1574 3375 ingeminat
1589 3316 1596 3374 ;

504 3387 575 3451 Nec
592 3389 769 3452 vincuntur
785 3391 817 3452 in
835 3389 1020 3466 tormentis,
1134 3389 1250 3453 Vitam
1268 3390 1376 3452 carnis
1393 3389 1464 3453 vult
1480 3391 1572 3453 exire

504 3503 581 3546 narn
598 3484 732 3547 divinae
748 3487 852 3549 virtus
870 3486 991 3550 mentis
1135 3495 1168 3550 et
1185 3485 1255 3549 vult
1271 3486 1373 3548 vitam
1392 3486 1528 3548 introire

547 3580 642 3642 adest
659 3581 705 3642 eis
721 3583 865 3662 praevia.
1180 3601 1280 3664 quarn
1299 3581 1372 3644 finis
1389 3602 1455 3644 non
1473 3582 1638 3648 terminat.

507 3779 605 3843 Alter
621 3780 739 3844 horum
757 3703 807 3846 e3st
824 3782 972 3865 Cyricus,
1137 3783 1247 3846 Mater
1264 3704 1417 3850 timetet7
1426 3794 1556 3848 veretur

506 3876 570 3940 Dei
588 3897 682 3940 carus
699 3887 732 3940 et
748 3880 884 3956 amicus,
1137 3899 1178 3942 ne
1195 3879 1283 3962 quod
1298 3900 1380 3961 puer
1394 3879 1571 3944 confitetur

549 3992 609 4036 sua
626 3982 732 4037 matre
747 3975 837 4039 socia
851 3997 857 4052 ;
1179 3977 1310 4038 deserat
1326 3975 1518 4058 perterritus
1533 3999 1539 4055 ;

507 4068 697 4150 Rapiuntur
712 4079 745 4134 et
762 4070 865 4153 ligati,
1137 4071 1198 4135 Ille
1215 4080 1354 4134 matrem
1372 4073 1563 4136 consolatur

507 4174 539 4228 et
556 4165 682 4228 catenis
698 4169 857 4231 coarctati
1035 4184 1037 4188 ·
1136 4169 1227 4231 etad
1247 4166 1393 4248 palmam
1411 4168 1608 4232 exhortatur

551 4261 686 4324 adstant
702 4263 744 4324 ad
762 4265 937 4344 praetoria.
1181 4264 1414 4346 repromissam
1431 4265 1577 4328 caelitus.

1400 4370 1418 4430 8

510 4386 941 4528 Praesentanturhribunali
1141 4465 1232 4527 Iuste
1249 4463 1341 4526 Deus
1359 4463 1403 4525 nil
1420 4465 1626 4527 contemnis:

509 4559 570 4624 sub
586 4571 705 4626 catena
721 4561 835 4624 sociali
1140 4583 1221 4645 puer
1236 4571 1307 4625 erat
1323 4565 1382 4652 vix·
1397 4563 1534 4627 triennis

554 4665 669 4730 lulitta
685 4687 760 4731 curn
778 4665 856 4741 filio,
1183 4667 1215 4728 in
1233 4675 1343 4730 aetate
1359 4667 1524 4750 parvulus,

509 4760 601 4825 Ante
618 4763 703 4844 regis
720 4762 885 4825 feritatem
1139 4761 1206 4827 Sed
1225 4763 1256 4824 in
1274 4782 1371 4826 sensu
1389 4764 1523 4828 iuvenili

509 4855 658 4920 confiteri
675 4858 875 4921 Trinitatem
1138 4857 1201 4920 sub
1216 4867 1327 4922 aetate
1343 4857 1459 4941 puerili

552 4954 678 5018 audent
693 4973 750 5017 ore
766 4953 900 5036 proprio
916 4977 922 5016 :
1182 4951 1307 5018 'Christi
1324 4955 1431 5019 cultor
1451 4955 1593 5020 sedulus.
