4102 5792
483 525 557 613 416
732 540 872 592 PROSAE
904 539 1110 592 ECCLESIAE
1140 537 1501 591 AVTISSIODORENSIS

792 733 808 798 5
1421 731 1441 797 7

532 823 621 886 Hinc
640 822 759 904 Lysias
776 821 1002 898 excandescit,
1161 820 1347 885 crucifixos
1364 830 1434 884 tam
1451 841 1611 884 saxorum

529 927 663 1001 torquet
679 918 797 981 fratres
813 917 935 1000 quibus
954 918 1073 982 crescit
1162 917 1274 980 surens
1291 917 1396 980 imber
1412 937 1514 1000 quam
1530 917 1671 982 telorum

573 1014 677 1078 virtus
693 1033 737 1076 ex
754 1013 919 1096 supplicio
935 1035 942 1092 3
1204 1013 1334 1096 appetit
1350 1013 1550 1092 crudelitas;

531 1111 683 1174 Vincunt
699 1129 790 1172 mare
806 1111 888 1173 dum
906 1117 1102 1191 merguntur
1163 1109 1230 1174 Sed
1248 1119 1442 1192 retorquent
1458 1110 1490 1172 in
1508 1119 1650 1174 tortores

530 1225 608 1270 nam
625 1205 669 1268 ab
684 1207 783 1268 undis
799 1204 1023 1268 extrahuntur
1165 1225 1242 1270 suos
1259 1207 1353 1283 ictus,
1368 1215 1402 1270 et
1419 1205 1552 1270 lictores

573 1291 708 1364 caelesti
725 1299 893 1383 suffragio.
1203 1301 1384 1382 prosternit
1399 1301 1566 1367 divinitas.

533 1486 600 1548 Res
617 1485 786 1548 miranda:
805 1483 930 1548 sanctis
946 1493 1059 1548 rorant
1163 1483 1268 1566 Signa
1283 1485 1401 1548 videns
1417 1485 1578 1550 declarari

530 1592 564 1646 et
579 1592 769 1646 sanctorum
787 1582 901 1645 hostes
916 1589 1035 1644 vorant
1160 1601 1262 1663 seque
1278 1582 1383 1664 signis
1398 1584 1561 1666 superari,

574 1678 783 1742 flammarum
802 1677 956 1740 incendia
971 1699 978 1754 ;
1160 1679 1297 1741 tandem
1315 1699 1448 1761 praeses
1465 1680 1692 1743 consummari

531 1776 790 1858 Suspenduntur
805 1787 838 1838 et
855 1785 1053 1857 torquentur
1207 1775 1299 1838 iubet
1316 1776 1434 1839 ambos
1451 1777 1566 1858 gladio
1580 1799 1588 1856 ;

529 1874 587 1938 sed
606 1872 759 1936 fruuntur
776 1881 809 1935 et
825 1871 982 1935 foventur
1163 1871 1219 1936 Sic
1235 1873 1315 1936 dum
1333 1873 1428 1936 terris
1444 1875 1639 1940 adimuntur

573 1969 684 2053 angeli
701 1969 900 2052 praesentia.
1163 1969 1257 2033 caelo
1273 1969 1391 2033 iratres
1407 1972 1583 2051 potiuntur

1163 2087 1326 2150 roseoque
1341 2068 1596 2132 conscribuntur

1208 2174 1393 2246 martyrum
1410 2163 1560 2247 collegio.

1109 2265 1130 2329 9

861 2345 1014 2428 Quorum
1032 2365 1129 2426 prece
1146 2345 1283 2409 salutari

861 2457 921 2500 nos
938 2457 958 2500 a
973 2437 1081 2519 culpis
1097 2439 1271 2502 emundari

903 2535 961 2596 det
977 2553 1122 2616 superna
1137 2534 1245 2616 gratia
1261 2557 1268 2612 ;

862 2630 911 2696 Ut
926 2651 1002 2694 curn
1020 2631 1100 2712 ipsis
1116 2651 1201 2714 quos
1217 2630 1393 2694 laudamus

864 2725 946 2792 Sion
963 2728 1052 2790 vitae
1067 2729 1241 2810 capiamus

900 2824 934 2887 in
950 2824 1102 2905 supernis
1118 2825 1249 2906 gaudia.

527 2951 722 3003 manuscrit.
745 2923 859 3000 Panis:
881 2945 954 3000 Bibl.
969 2945 1049 3013 Nat,
1071 2943 1164 3013 17316,
1185 2944 1284 3000 Missel
1298 2945 1459 3015 d'Auxerre,
1472 2947 1690 3015 xivt-xv‘siecle,
1715 2947 1747 3001 Υ.

526 3078 575 3116 aa
606 3063 716 3116 Tantae
730 3061 834 3115 nostris
855 3060 887 3129 (l)
907 3060 1133 3115 Autr'ssiodoreu.
1165 3059 1299 3115 decoram
1327 3061 1357 3115 Υ.
1391 3062 1432 3118 La
1453 3062 1577 3117 seconde
1601 3062 1691 3133 partie
1709 3063 1747 3118 de

491 3151 564 3198 cette
578 3141 694 3211 strophe
708 3157 830 3211 manque
843 3141 916 3194 dans
935 3141 965 3194 Υ.
997 3145 1011 3194 t
1042 3139 1177 3195 Damiani
1192 3141 1218 3194 Α
1223 3141 1416 3196 altissiodoren.

527 3237 543 3290 3
557 3227 578 3277 d
610 3220 694 3276 simul
707 3220 834 3274 innovati
847 3219 1075 3276 Autr'ssr'odoren.

528 3307 580 3368 td
612 3309 694 3356 sanat
708 3301 837 3354 membra
855 3301 885 3354 Υ.

530 3383 579 3437 8a
610 3380 646 3437 de
659 3377 776 3448 curin>
794 3379 822 3432 Υ.

733 3611 815 3682 293·
850 3587 924 3660 DE
954 3586 1180 3661 SANCTO
1210 3587 1510 3662 GABRlELE.

804 3771 816 3817 ¹
1433 3770 1450 3834 3

583 3852 731 3920 Gabrieli
748 3851 868 3915 nuntio
1214 3847 1355 3932 Quanta
1370 3849 1413 3914 sit
1429 3851 1610 3914 auctoritas

586 3949 690 4032 Regis
705 3947 798 4025 caeli,
814 3946 932 4010 concio
1216 3947 1296 4022 eius,
1313 3945 1523 4010 taciturnitas

587 4047 629 4110 sit
645 4045 728 4108 haec
745 4043 822 4107 laeti
839 4042 996 4106 carminis
1013 4062 1021 4120 ;
1217 4041 1399 4104 Zachariae
1415 4041 1577 4124 perhibet,

588 4139 726 4207 Confert
742 4139 871 4203 mundo
885 4138 1047 4220 gaudium
1218 4138 1345 4201 Mariae
1360 4137 1539 4202 credulitas

587 4239 668 4302 dum
685 4234 748 4300 lert
765 4234 830 4298 Dei
846 4233 970 4298 Filium
1220 4234 1366 4315 prudens
1382 4243 1416 4296 et
1431 4232 1604 4299 humilitas

589 4333 748 4396 Fructum
765 4329 890 4393 ventris
906 4329 1051 4412 virginis.
1220 4329 1330 4392 Deum
1347 4329 1443 4392 nobis
1459 4331 1605 4394 exhibet.

806 4441 824 4488 2
1433 4443 1456 4504 4

589 4519 767 4586 Servitutis
782 4516 962 4582 terminum
1158 4517 1161 4524 '
1222 4516 1343 4599 loseph
1359 4517 1483 4582 iustum
1501 4519 1616 4583 docuit

589 4618 648 4682 dat
664 4615 781 4680 salutis
796 4613 970 4678 hominum
1218 4615 1309 4696 quod
1326 4621 1360 4678 et
1376 4613 1500 4678 iustum
1516 4617 1623 4679 tenuit

592 4714 717 4778 zelator
732 4712 921 4776 carissimus
937 4731 945 4787 ;
1264 4711 1335 4776 eius
1351 4719 1501 4776 ventrem
1519 4712 1663 4795 Spiritus
1679 4735 1687 4790 ;

1224 4807 1394 4872 Christum
1411 4817 1527 4874 natum
1545 4811 1677 4876 nuntiat

1225 4905 1340 4987 Ipsum
1358 4923 1440 4968 mox
1456 4907 1607 4972 adsociat

1265 5000 1417 5068 caelestis
1433 5005 1610 5070 exercitus.
