4116 5784
638 520 782 573 PROSAE
813 519 1018 572 ECCLESIAE
1044 517 1280 572 MORINENSIS
1510 511 1581 588 345

630 713 645 780 ς
1259 698 1281 760 6

409 795 441 862 Ο
457 796 581 880 regina,
596 805 671 860 tuas
688 805 797 860 toturn
997 794 1124 859 Contra
1139 794 1248 858 carnis
1264 794 1504 858 documentum

369 891 482 974 nequit
499 890 615 954 laudes
630 911 688 954 cor
702 892 861 955 devotum
999 889 1102 956 enixa
1117 910 1152 954 cs
1168 889 1366 954 alimentum

411 986 613 1069 gratulando
629 1008 757 1065 canere,
1045 1006 1229 1072 congruum
1247 985 1410 1062 fidelibus,

370 1083 534 1148 Gabrielis
549 1083 720 1148 credidisti
1002 1078 1145 1141 Pascens
1160 1094 1295 1138 omnem
1313 1083 1498 1136 creaturam

369 1179 476 1256 dictis,
492 1177 662 1243 Christum
680 1179 886 1262 concepisti:
999 1193 1133 1238 carnem
1151 1171 1247 1254 panis
1264 1170 1326 1232 sub
1343 1167 1483 1250 liguram

413 1273 517 1357 digna
532 1294 583 1337 res
600 1276 788 1338 memoriae.
1045 1269 1237 1333 ministrans
1253 1263 1473 1329 credentibus.

690 1479 812 1558 Adsta,
827 1479 945 1563 Virgo
961 1479 1047 1542 circa
1062 1477 1231 1552 thronum,

691 1597 751 1658 pro
767 1575 865 1640 nobis
881 1574 1027 1659 loquaris
1042 1573 1168 1636 bonum

734 1673 908 1736 exorando
925 1671 1047 1735 Filium
1062 1693 1069 1750 ;

692 1768 742 1832 Ut
759 1787 820 1832 nos
836 1768 945 1832 solvat
960 1789 980 1832 a
995 1765 1140 1850 peccatis

691 1861 899 1946 collocetque
915 1882 991 1926 cum
1009 1861 1116 1925 beatis

735 1959 769 2022 in
787 1967 959 2022 aeternum
976 1958 1149 2040 gaudium.

366 2109 381 2147 2
401 2095 467 2149 Une
480 2091 667 2148 interversion
678 2093 743 2146 s'est
756 2091 887 2162 produite
900 2093 973 2146 dans
986 2091 1130 2146 Mon'mn.
1151 2100 1231 2145 entre
1244 2091 1285 2146 les
1302 2089 1466 2146 differentes
1487 2087 1594 2159 parties

331 2174 382 2228 des
395 2173 525 2244 strophes
539 2188 555 2226 2
568 2183 596 2227 et
609 2187 634 2242 3.
655 2173 700 2226 On
714 2171 774 2240 ylit
787 2190 793 2226 :
817 2172 861 2226 Tu
874 2172 1021 2226 thalamus
1090 2171 1197 2240 Gaude,
1208 2172 1293 2242 Virgo
1369 2172 1419 2224 Ex
1429 2177 1455 2224 te
1464 2185 1552 2224 verus

332 2255 420 2309 Beata
429 2258 578 2325 puerpera.
599 2254 640 2307 Or
649 2253 676 2306 la
690 2251 760 2307 rime
769 2253 930 2316 indeficiens
939 2251 999 2307 doit
1012 2252 1218 2323 conespondre
1240 2254 1258 2306 a
1277 2253 1411 2322 reficiens,
1425 2261 1453 2305 et
1464 2250 1593 2321 pugilem

259 2329 263 2338 '
332 2333 509 2389 aliominem.
531 2335 612 2388 Nous
624 2332 810 2388 rdtablissons
822 2334 896 2388 donc
909 2350 965 2388 une
975 2333 1145 2404 disposition
1158 2333 1205 2405 qui
1214 2343 1258 2389 est
1268 2333 1460 2388 evidemment
1471 2333 1499 2386 la
1508 2330 1593 2386 vraie.

367 2419 418 2481 4b
447 2413 553 2469 luditur
571 2413 715 2467 Morinen.

567 2589 649 2680 238.
682 2586 757 2659 oa
787 2585 1011 2661 sancto
1040 2585 1375 2660 nunonnno.

642 2758 654 2803 1

380 2828 541 2893 Praeclari
558 2828 618 2891 viri
636 2827 754 2891 merita

380 2925 478 2989 laude
493 2943 653 2988 canamus
668 2924 792 3002 debita,

381 3021 478 3084 Nunc
494 3021 580 3084 lesta
595 3020 689 3100 cuius
706 3021 832 3104 inclyta

379 3117 456 3180 anni
474 3117 610 3180 reduxit
625 3117 743 3181 orbita.

641 3229 659 3275 2

379 3299 605 3377 Audomarus,
620 3299 774 3382 egregiae

380 3416 462 3477 puer
477 3394 732 3472 adolescentiae,

383 3490 626 3554 Monachorum
643 3494 812 3556 consortia

381 3596 508 3670 petens,
525 3586 658 3669 reliquit
678 3590 821 3670 propria.

645 3699 662 3763 3

384 3769 489 3832 Fama
506 3769 572 3832 iam
590 3769 660 3832 eius
676 3772 805 3853 optima

383 3865 533 3947 replebat
549 3864 622 3928 loca
638 3866 789 3948 plurima,

385 3961 472 4024 Nam
490 3961 522 4022 in
539 3961 661 4024 divinis
674 3962 831 4028 ,laudibus

384 4055 530 4120 instabat
546 4055 636 4120 horis
652 4058 816 4122 omnibus.

386 4241 425 4303 In
442 4240 523 4303 urbe
540 4173 806 4306 Terrtalrensium

384 4345 433 4399 est
450 4335 557 4399 lactus
574 4347 687 4418 pastor
704 4341 827 4414 ovium,

385 4432 440 4496 Ex
457 4452 524 4513 qua
540 4453 599 4513 per
616 4433 715 4497 fidem
732 4435 878 4517 symboli

385 4526 510 4592 cultum
527 4528 695 4593 destruxit
712 4531 801 4595 idoli.

649 4641 664 4707 5

386 4713 448 4775 Per
464 4711 552 4775 hunc
570 4713 602 4776 in
620 4723 692 4778 tota
709 4716 817 4798 patria

384 4806 477 4871 lulsit
493 4808 608 4872 divina
624 4812 742 4894 gratia,

389 4904 511 4966 Fomes
527 4915 599 4969 erat
615 4908 797 4988 egentium,

386 4998 494 5086 aegris
510 5001 601 5065 salus
617 5012 651 5066 et
666 5003 836 5090 gaudium.

1011 2829 1147 2892 Iuvenis
1162 2828 1357 2892 inobediens

1011 2945 1047 2988 se
1062 2925 1203 2988 contulit
1220 2924 1364 3005 navigio,

1012 3020 1122 3103 Quem
1135 3030 1270 3084 sanctus
1281 3018 1412 3102 praesul
1425 3017 1596 3082 dormiens

1010 3117 1129 3181 eduxit
1144 3118 1187 3180 de
1203 3115 1384 3198 naufragio.

1272 3228 1291 3292 7

1011 3300 1090 3383 Quo
1106 3320 1251 3383 pausans
1267 3299 1321 3364 die
1338 3299 1439 3362 iacuit

1013 3396 1124 3462 lumen
1143 3398 1175 3459 in
1193 3405 1291 3460 nocte
1307 3395 1433 3470 claruit,

1014 3493 1059 3556 Et
1074 3513 1142 3576 quo
1159 3493 1236 3556 lecit
1253 3491 1423 3556 basilicam

1013 3610 1073 3672 per
1087 3590 1196 3653 lucem
1214 3589 1307 3652 novit
1323 3587 1493 3651 caelicam.

1016 3773 1054 3836 ln
1071 3781 1159 3835 terra
1175 3685 1453 3853 figensgbaculum

1013 3868 1114 3931 sontis
1130 3868 1250 3931 eduxit
1267 3867 1419 3942 rivulum,

1017 3965 1191 4046 Baptismo
1207 3983 1324 4026 caecos
1340 3963 1446 4026 abluit

1013 4060 1134 4142 quibus
1150 4061 1257 4123 visum
1275 4059 1428 4124 restituit.

1016 4244 1126 4308 Grave
1142 4245 1249 4308 carnis
1266 4176 1457 4309 licendium

1015 4341 1120 4422 spinis
1136 4341 1286 4404 extinxit
1303 4343 1463 4424 veprium,

1017 4437 1157 4500 Missam
1174 4437 1292 4501 diebus
1308 4437 1449 4520 singulis

1016 4534 1124 4596 caecis
1139 4533 1273 4597 dicebat
1289 4533 1401 4597 oculis.

1020 4719 1100 4782 Post
1116 4649 1438 4801 virtutumllnsignia

1019 4813 1100 4878 caeli
1117 4814 1236 4898 petivit
1251 4815 1384 4896 gaudia,

1020 4909 1170 4974 Odorem
1187 4911 1301 4974 statim
1319 4911 1460 4976 nimium

1021 5025 1117 5076 nares
1133 5015 1308 5074 senserunt
1324 5008 1486 5079 omnium.
