4102 5790
480 499 548 569 144
754 497 897 549 PROSAE
925 495 1129 548 ECCLESIAE
1156 497 1452 550 HERFORDENSIS

634 699 692 768 94.
726 675 801 748 nn
832 675 1577 752 S.THOMACANTVAR1ENSI.

784 862 794 906 l
1413 861 1428 926 5
1468 903 1470 908 ,

564 957 694 1020 Mundo
710 955 863 1020 Christus
879 958 992 1034 oritur,
1148 957 1221 1021 Ara
1239 957 1354 1023 Crucis
1371 959 1448 1022 tulit
1465 957 1636 1024 Christum
1653 983 1660 1040 ;

562 1075 631 1135 pax
649 1053 681 1114 in
699 1061 786 1114 terra
801 1052 940 1128 canitur,
1151 1064 1230 1118 ante
1246 1075 1337 1118 aram
1355 1055 1465 1118 caedit
1481 1055 1582 1118 istum

562 1152 594 1212 in
612 1147 755 1210 excelsis
771 1147 877 1228 gloria
893 1169 899 1224 ;
1192 1170 1272 1212 ense
1289 1169 1408 1212 manus
1425 1150 1549 1231 impia;

561 1247 712 1309 Thomas
729 1243 865 1308 Christo
881 1243 1036 1320 nascitur,
1150 1243 1304 1308 Christus
1321 1245 1425 1327 spinis
1441 1255 1642 1324 coronatur;

561 1344 642 1406 dum
660 1361 721 1423 pro
737 1339 872 1404 Christo
888 1339 1023 1421 patitur,
1151 1339 1228 1402 huic
1245 1360 1370 1404 corona
1386 1342 1475 1403 vitae
1491 1342 1599 1418 datur,

562 1439 647 1501 inter
663 1436 745 1498 haec
761 1433 946 1497 sollemnia.
1190 1457 1288 1501 caesa
1305 1439 1506 1502 transitoria.

781 1567 798 1612 2
1410 1556 1432 1616 6

562 1674 690 1757 Quinta
707 1671 849 1734 natalitii
1150 1671 1270 1750 Causa,
1286 1695 1404 1756 poena,
1421 1674 1512 1737 locus
1529 1695 1657 1757 poenae

561 1771 659 1833 huius
676 1777 727 1830 est
744 1767 893 1848 martyrii
1150 1769 1176 1831 si
1194 1779 1385 1851 pensentur,
1402 1771 1433 1832 in
1452 1771 1515 1833 hoc
1533 1772 1632 1854 plene

561 1867 632 1930 dies
649 1863 748 1948 plena
764 1863 909 1944 gaudio;
1194 1863 1330 1944 plenum
1347 1873 1399 1927 est
1416 1867 1613 1946 martyrium
1629 1887 1636 1944 ;

561 1961 696 2028 Gaudet
712 1959 788 2020 hinc
807 1957 966 2036 Ecclesia,
1150 1959 1258 2024 Ornat
1275 1959 1378 2022 virtus
1396 1971 1548 2024 sanctum
1568 1962 1642 2040 Dei,

560 2057 685 2141 gaudet
703 2054 786 2118 caeli
803 2055 903 2130 curia,
1151 2057 1340 2120 sanctitatis
1357 2057 1467 2122 serunt
1482 2059 1512 2121 ei

561 2163 658 2218 tanto
675 2151 763 2215 laeta
779 2152 879 2214 socio.
1194 2153 1290 2236 signa
1305 2155 1545 2218 testimonium.

520 2401 616 2464 Felix
636 2407 763 2477 martyr
779 2414 1029 2476 usquequaque,
1151 2395 1250 2462 Caeci
1268 2399 1392 2474 vident,
1406 2401 1489 2462 muti
1507 2401 1628 2476 santur,

519 2499 589 2560 vita
605 2495 713 2558 clarus
730 2494 762 2555 in
780 2502 931 2574 utraque,
1150 2492 1241 2576 lepra
1258 2493 1354 2576 sugit,
1369 2505 1401 2558 et
1419 2507 1577 2560 curantur

561 2590 737 2674 dignitatis
753 2588 872 2670 gratia,
1192 2601 1313 2653 cuncta
1330 2591 1437 2653 morbi
1454 2612 1577 2673 genera
1594 2613 1601 2669 ;

518 2691 610 2753 Dum
627 2689 660 2750 in
678 2686 804 2749 mundo
821 2683 1020 2747 sublimatus
1150 2683 1217 2748 Sed
1234 2695 1268 2749 et
1286 2687 1393 2768 magis
1412 2686 1605 2765 honoratur,

517 2795 568 2848 est
584 2785 711 2848 honore
728 2779 935 2863 praesulatus
1148 2801 1215 2864 quo
1231 2782 1398 2847 defunctis
1415 2784 1484 2847 vita
1500 2786 1600 2849 datur

561 2889 595 2944 et
611 2879 644 2942 in
661 2877 762 2941 caelis
778 2875 894 2958 gloria.
1192 2881 1263 2942 eius
1279 2900 1344 2962 ope
1360 2901 1487 2963 supera.

517 3119 636 3194 Causa,
651 3117 753 3192 locus,
769 3116 796 3176 si
814 3123 1000 3196 quaeratur,
1148 3117 1248 3194 Sana,
1265 3127 1400 3200 martyr,
1416 3139 1510 3182 sacra
1527 3139 1624 3202 prece

517 3241 577 3303 pro
592 3238 668 3300 qua,
683 3214 734 3279 vel
752 3234 828 3296 quo,
844 3213 890 3276 sic
907 3213 1066 3278 caedatur
1148 3233 1208 3276 nos
1225 3235 1244 3277 a
1261 3215 1389 3294 morbo,
1405 3237 1467 3279 nos
1482 3237 1502 3278 a
1519 3237 1610 3294 nece,

560 3315 635 3377 Deo
650 3311 787 3394 placens
803 3309 913 3371 hostia
929 3329 936 3386 ;
1188 3310 1319 3372 donans
1337 3311 1426 3375 vitae
1442 3314 1612 3394 praemia3

516 3410 628 3475 Causa
644 3405 796 3472 Christus
813 3403 989 3480 invenitur,
1144 3403 1203 3482 Ut,
1219 3413 1252 3468 te
1268 3405 1362 3482 duce,
1382 3427 1628 3490 consequamur

515 3525 659 3590 proquo
675 3511 804 3586 pugnat
820 3510 853 3564 et
869 3501 1025 3582 punitur;
1145 3499 1233 3562 vitae
1249 3499 1386 3578 donum,
1402 3510 1436 3564 et
1452 3503 1615 3566 ducamur

560 3601 652 3666 locus
669 3608 719 3662 est
735 3596 884 3660 ecclesia.
1187 3595 1229 3658 ad
1247 3605 1383 3659 aeterna
1399 3597 1531 3679 gaudia.

508 3771 717 3828 Manuscrlts.
741 3765 857 3818 anls:
884 3762 957 3816 Bibl.
987 3762 1015 3816 S.
1027 3761 1199 3830 Genevieve,
1224 3761 1363 3830 nuum,
1387 3763 1732 3832 Misselenovefainu),

471 3853 531 3908 xiiie
541 3849 637 3916 siecle,
650 3847 693 3901 M.
721 3845 874 3899 Oxnoxnr
896 3841 1063 3910 University
1074 3841 1155 3910 Coll,
1171 3841 1271 3896 Missel
1289 3843 1325 3897 de
1340 3843 1490 3911 Herelord,
1505 3859 1567 3898 vers
1584 3858 1659 3912 1390,
1675 3843 1731 3898 OC.

508 3934 590 3988 Cette
605 3930 701 3994 Prose,
713 3941 825 3979 comme
837 3931 931 3977 toutes
949 3923 990 3976 les
1010 3922 1112 3976 Proses
1124 3921 1160 3976 de
1182 3921 1332 3992 Herelord,
1352 3940 1369 3976 a
1386 3922 1430 3976 έῑέ
1448 3923 1561 3994 ριὼΙίέε
1573 3941 1625 3994 par
1639 3925 1682 3977 W.
1698 3923 1731 3978 G.

473 4015 684 4074 HENDERsoN‚
694 4005 766 4058 dans
779 4002 903 4056 l’edition
917 4001 954 4055 du
966 4001 1065 4055 Missel
1079 4002 1115 4056 de
1131 4001 1272 4055 Hereford
1284 3999 1350 4071 qtfil
1365 4001 1441 4056 alait
1450 4002 1626 4072 imprimere
1641 4001 1731 4057 Leeds

471 4111 507 4149 en
524 4093 599 4157 1874.
626 4089 665 4142 Le
682 4085 775 4140 meme
791 4082 883 4136 erudit
905 4099 923 4136 a
945 4081 1040 4151 publie
1053 4083 1071 4134 a
1084 4082 1111 4135 la
1123 4081 1217 4136 meme
1235 4081 1355 4151 epoque,
1366 4099 1419 4135 aux
1433 4082 1500 4136 lrais
1514 4083 1550 4136 de
1568 4082 1595 4137 la
1616 4083 1731 4138 Surtees

472 4172 595 4241 Society,
615 4184 669 4222 une
690 4163 796 4220 edition
817 4163 855 4216 du
878 4160 976 4214 Missel
1000 4161 1036 4214 de
1057 4159 1143 4229 llorlc,
1157 4160 1331 4215 renfermant
1342 4171 1422 4215 outre
1435 4162 1476 4215 les
1490 4161 1592 4216 Proses
1605 4161 1641 4217 de
1656 4171 1731 4216 cette

471 4253 567 4323 dglise,
581 4249 667 4304 celles
676 4244 724 4316 qui
733 4252 797 4298 sont
806 4251 962 4297 contenues
975 4239 1048 4293 dans
1058 4240 1083 4294 le
1094 4239 1232 4309 Tropaire
1242 4241 1398 4294 manuscrit
1407 4241 1443 4294 de
1454 4241 1641 4296 Winchester.
1654 4243 1701 4308 Or,
1712 4241 1731 4295 il

471 4351 489 4388 a
501 4331 588 4387 etabli
601 4345 653 4382 son
667 4335 741 4380 texte
754 4339 823 4378 avec
837 4321 860 4375 si
870 4338 923 4391 peu
937 4320 973 4374 de
987 4318 1071 4388 rime,
1085 4335 1140 4388 que
1153 4319 1293 4374 certaines
1307 4319 1402 4388 pleces
1415 4322 1464 4390 qui
1478 4337 1509 4375 se
1520 4321 1603 4376 lisent
1614 4321 1631 4375 a
1641 4321 1668 4374 la
1678 4321 1732 4375 fois

471 4415 544 4468 dans
557 4413 598 4464 les
615 4409 688 4462 deux
699 4405 835 4469 volumes‚
849 4401 950 4455 offrent
972 4399 1044 4454 dans
1067 4415 1099 4452 sa
1120 4399 1224 4454 double
1245 4399 1353 4452 edition
1373 4400 1424 4453 des
1447 4401 1545 4470 leqons
1558 4401 1731 4454 differentes.

473 4495 555 4547 Dans
568 4506 616 4543 ces
635 4484 805 4548 conditions,
819 4497 891 4534 nous
910 4497 945 4533 ne
960 4479 1090 4533 relevons
1111 4495 1157 4532 ses
1171 4479 1314 4533 variantes
1334 4495 1389 4548 que
1411 4479 1584 4550 lorsqu'elles
1608 4497 1643 4534 ne
1665 4497 1731 4534 con·

472 4573 589 4628 cordent
603 4584 654 4638 pas
668 4580 736 4618 avec
749 4561 835 4616 celles
848 4559 895 4630 qui
910 4575 982 4613 nous
1003 4567 1068 4612 sont
1090 4557 1214 4613 fournies
1236 4575 1288 4628 par
1300 4559 1326 4612 le
1344 4558 1445 4612 Missel
1466 4561 1502 4614 de
1524 4561 1602 4614 York
1627 4577 1664 4614 ou
1681 4577 1732 4629 par

472 4653 544 4708 celui
563 4650 599 4704 de
612 4642 761 4700 llerelord.

511 4785 519 4823 r
537 4786 554 4822 c
585 4767 613 4820 in
627 4761 745 4819 excelsis
758 4759 871 4814 alleluia
885 4758 918 4827 (?)
932 4759 1059 4811 Briocen.

507 4865 522 4902 2
537 4854 551 4902 i
581 4847 655 4901 laeta
668 4851 747 4898 tanto
762 4839 819 4894 OC.
832 4838 1003 4908 Hersorden.

508 4944 523 4997 3
536 4933 558 4983 d
591 4928 663 4980 Cum
676 4923 706 4977 in
719 4919 827 4974 mundo
841 4919 1029 4972 Matisconen.

506 5013 558 5076 rb
588 5023 639 5077 pro
652 5019 708 5075 qua
718 4999 762 5054 vel
773 4999 820 5052 ubi
835 4999 960 5052 Bn'ocen.
993 5015 1010 5050 e
1044 4995 1087 5051 rel
1100 4996 1215 5067 punitur
1229 4997 1286 5054 OC.
1300 4999 1470 5068 Hen‘orden.
