4094 5796
480 531 523 598 14
790 536 931 588 PROSAE
959 509 1165 592 schEs1AE
1191 543 1408 596 VCECIENSIS

769 729 805 775 12
1391 737 1427 803 17

515 887 558 896 —
574 853 591 880 “
608 850 661 914 Tu
679 851 806 916 Philete
819 855 875 937 qui
889 855 935 918 sic
952 857 1070 934 credis,
1192 861 1208 888 “
1226 855 1329 922 Serve
1347 858 1420 938 Dei,
1437 860 1601 940 miserere,

518 945 601 1008 deos
616 954 650 1008 et
661 945 750 1009 idola
766 947 920 1026 laedis...
1193 953 1392 1019 confitemur
1408 976 1469 1020 nos
1484 960 1601 1024 ardere

518 1059 606 1103 nunc
622 1049 656 1104 te
672 1042 780 1106 solvat
795 1045 986 1126 apostolus!
1003 1047 1020 1073 ”
1195 1061 1274 1116 ante
1291 1061 1424 1136 tempus
1441 1055 1602 1136 incendii;

520 1135 663 1200 Iacobus
679 1157 739 1220 per
754 1140 913 1204 vicarium
1196 1147 1364 1231 Apostole
1380 1160 1496 1215 sancte
1512 1153 1586 1232 Dei,

518 1250 615 1294 suum
634 1233 724 1298 misit
740 1237 934 1315 sudarium;
1196 1244 1250 1328 pie
1267 1241 1312 1307 lili
1330 1245 1505 1324 Zebedaei,

521 1325 651 1392 solutus
666 1338 717 1394 est
737 1330 928 1415 discipulus.
1197 1359 1284 1405 nunc
1301 1361 1438 1424 egemus
1456 1342 1583 1410 auxilii.
1598 1345 1615 1370 ”

761 1483 797 1546 13
1392 1480 1429 1542 18

645 1603 742 1667 Tunc
761 1603 909 1670 Philetus
1153 1609 1218 1674 Hic
1234 1609 1284 1672 vir
1300 1607 1418 1691 plenus
1433 1609 1610 1676 virtutibus

647 1699 741 1763 vadit
757 1699 865 1765 laetus
1150 1705 1337 1787 imperabat
1349 1705 1570 1770 daemonibus
1584 1729 1591 1786 ;

558 1797 601 1860 ad
618 1798 754 1862 beatum
773 1799 956 1880 Iacobum;
1149 1799 1308 1864 Faciebat
1322 1801 1490 1876 miracula,

646 1893 841 1976 Baptizatus
1148 1895 1206 1958 sed
1223 1896 1297 1977 quis
1314 1896 1460 1960 narrabit
1477 1897 1637 1980 singula?

645 1999 679 2052 et
697 2000 832 2053 renatus
1391 2053 1428 2116 19

559 2081 638 2147 iacit
655 2105 690 2148 se
706 2085 917 2168 discipulum.
1658 2153 1661 2162 .

1193 2173 1282 2236 Huic
1298 2180 1350 2235 est
1366 2181 1501 2236 ostensa
1517 2173 1601 2238 visio

760 2241 797 2301 ¹4
1193 2267 1318 2333 Christi
1334 2265 1592 2350 transfiguratio

561 2361 684 2444 Magus
701 2372 813 2436 motus
824 2365 953 2428 insania
1194 2361 1300 2427 Beato
1317 2363 1416 2426 Petro
1431 2363 1531 2442 socio,

559 2457 602 2520 ad
620 2477 656 2520 se
672 2469 771 2522 vocat
787 2461 973 2540 daemonia,
1192 2459 1345 2522 Iohanne
1361 2457 1461 2522 fratre
1478 2459 1585 2525 tertio.

559 2551 622 2616 Per
632 2573 773 2636 quorum
788 2555 971 2620 ministeria

521 2693 524 2704 .
560 2670 621 2714 sua
637 2651 774 2734 regebat
790 2655 909 2717 studia.
1387 2615 1429 2663 ²⁰

1193 2735 1278 2801 Cum
1295 2733 1426 2799 duobus
1443 2735 1614 2818 discipulis

770 2807 804 2870 ¹5
1193 2840 1388 2914 segregatus
1400 2832 1563 2913 apostolis

517 2926 699 3010 Postquam
717 2937 879 2992 venerunt
895 2930 1079 2995 daemones
1194 2927 1304 2990 Deum
1321 2929 1500 3009 conspexit
1516 2927 1621 2990 oculis

515 3024 611 3088 iussit
631 3045 688 3088 eos
714 3025 948 3108 Hermogenes
1191 3023 1466 3086 transformatum
1483 3023 1516 3086 in
1534 3023 1687 3088 saeculis.

516 3118 566 3184 Ut
583 3130 743 3202 caperent
759 3120 949 3203 apostolum

515 3223 549 3279 et
566 3235 642 3280 cum
654 3237 695 3279 eo
711 3215 922 3298 discipulum.

1148 3297 1234 3361 Cum
1251 3305 1339 3359 esset
1355 3297 1388 3359 in
1410 3295 1548 3359 Thabor
1564 3307 1688 3374 monte,

773 3353 809 3416 ¹6
1147 3403 1214 3455 tres
1231 3391 1378 3456 lacerent
1394 3412 1454 3455 sua
1470 3402 1592 3474 sponte

560 3487 730 3570 Quocum
748 3489 833 3551 irent
849 3489 1028 3552 daemonia
1232 3489 1295 3551 tria
1313 3488 1536 3553 tabernacula.

559 3584 625 3646 iam
643 3601 818 3647 senserunt
835 3584 998 3662 incendia,
1147 3585 1292 3666 Oquam
1317 3583 1406 3645 beati
1423 3583 1510 3646 oculi

559 3678 730 3742 Deficiunt
747 3679 886 3760 imperia
900 3702 907 3758 ;
1143 3680 1198 3764 qui
1214 3681 1477 3761 Redemptorem
1494 3681 1620 3745 saeculi

556 3775 603 3838 sic
620 3773 749 3838 ululant
765 3775 967 3839 clamantia:
1231 3775 1385 3838 viderunt
1399 3794 1457 3857 per
1480 3777 1624 3858 specula.

1388 3177 1424 3220 21

1071 3931 1110 3977 22

502 4053 533 4120 Ο
550 4053 694 4136 gloriose
713 4052 835 4116 Iacobe
847 4053 942 4115 -sis
957 4062 1127 4134 protector
1143 4051 1231 4130 plebi
1248 4059 1326 4113 tuae
1338 4087 1381 4097 -
1394 4070 1452 4133 per
1464 4049 1604 4131 singula,

506 4149 571 4214 Dei
588 4149 714 4212 Natum
732 4147 1006 4212 transformatum
1020 4150 1132 4230 —qui
1150 4146 1299 4210 meruisti
1311 4166 1444 4208 cernere
1457 4183 1498 4192 -
1515 4165 1574 4228 per
1589 4145 1710 4210 secula.

507 4327 712 4382 manuscrits.
727 4327 864 4382 AUTUN:
884 4327 956 4381 Bibl.
970 4327 1008 4380 du
1030 4328 1078 4381 Gr.
1094 4325 1178 4394 sem,
1196 4339 1254 4394 124,
1277 4323 1377 4379 Missel
1397 4323 1521 4378 d'Autun
1535 4323 1571 4378 de
1592 4323 1620 4377 la
1640 4322 1677 4377 fin
1693 4322 1731 4376 du

468 4416 515 4462 κνο
528 4405 621 4476 siecle,
633 4406 701 4461 ΑΑ.
730 4408 826 4461 PARIS
839 4425 845 4461 :
861 4406 934 4462 Bibl.
947 4407 973 4459 N
977 4417 1023 4476 at.,
1038 4407 1099 4475 871,
1112 4413 1159 4460 xv‘
1168 4405 1262 4475 siecle,
1272 4405 1306 4458 L.

506 4503 550 4541 ιο
581 4485 708 4557 potentia
733 4487 870 4540 Redonen.

504 4583 519 4622 2
533 4583 553 4622 a
585 4565 681 4620 iacobi
694 4565 809 4635 gloriosi
828 4567 854 4618 T
851 4583 979 4619 omracen.
987 4585 1002 4629 ,·
1015 4565 1132 4635 fulgenti
1158 4571 1179 4619 b
1205 4573 1357 4619 coronatur
1369 4561 1459 4632 gloria
1467 4562 1606 4616 Redonen.
1620 4563 1660 4615 La
1670 4579 1730 4632 pre·

467 4647 554 4702 miere
567 4645 603 4700 de
617 4661 664 4700 ces
674 4645 747 4699 deux
758 4643 899 4700 variantes
912 4646 1024 4715 appelle
1037 4646 1065 4699 la
1077 4645 1208 4700 seconde.

501 4741 518 4794 3
531 4743 549 4780 e
580 4725 654 4779 velut
668 4724 779 4778 Eduen.
793 4724 932 4779 Redomn.
950 4725 977 4777 T
974 4741 1103 4778 omacen.
1122 4725 1242 4778 Ucccien.

501 4821 517 4870 4
538 4805 620 4860 Certe
633 4803 748 4874 strophe
762 4819 792 4858 se
805 4802 836 4858 lit
850 4803 923 4857 ainsi
937 4803 1009 4858 dans
1022 4803 1048 4857 le
1061 4803 1160 4858 Missel
1173 4803 1209 4858 de
1225 4805 1340 4857 Rennes
1357 4820 1362 4856 :

860 4883 984 4953 Quidam
998 4899 1099 4950 magus
1114 4883 1311 4952 Hermogenes

857 4979 922 5017 cum
936 4961 1088 5017 excitasset
1102 4962 1266 5030 daemones,
1280 4971 1333 5016 etc.

501 5045 541 5105 Ce
553 5041 661 5100 second
675 5059 738 5100 vers
751 5053 844 5116 rompt
859 5053 919 5097 tout
933 5041 1123 5114 parallelisme
1136 5052 1163 5097 et
1177 5041 1237 5096 doit
1251 5041 1309 5097 erre
1322 5039 1416 5110 rejete.
