4094 5796
481 531 520 594 ιδ’
789 543 928 591 lutosus.
957 542 1158 590 astitistis:
1187 543 1407 590 sciscitans

477 727 508 796 8.
547 723 619 794 DE
651 719 1114 802 B.THEODOR1'I'O‚
1153 719 1422 792 PATRONO
1447 721 1728 795 VTICENSI.

787 925 795 968 1
1237 918 1334 978 miles
1348 919 1573 994 invictissime,

524 1029 551 1092 O
567 1028 688 1090 athleta
699 1027 849 1108 gloriose,
1235 1033 1254 1073 a
1272 1015 1424 1094 supernis
1441 1014 1568 1076 civibus

520 1123 642 1189 Christi
664 1131 794 1201 martyr
800 1123 947 1201 pretiose,
1194 1127 1275 1170 mox
1300 1109 1439 1172 caelitus
1456 1109 1646 1172 consolaris.

519 1227 647 1281 uostrae
662 1216 781 1290 laudes,
797 1225 924 1278 nostrae
933 1227 1052 1296 prosae
1405 1245 1418 1308 5

520 1314 582 1377 tibi
591 1314 677 1391 fiant
682 1313 850 1394 gratiosae
1293 1331 1551 1413 &prophanus

562 1430 644 1491 quas
655 1417 826 1470 cantamus
837 1407 936 1470 leodic.
1284 1427 1317 1487 in
1338 1437 1367 1487 Μ
1380 1448 1497 1488 manus

521 1505 641 1568 Inclite
653 1503 867 1580 Th00d0sst02
1195 1519 1308 1582 intulit
1326 1521 1487 1596 maleficas

521 1623 581 1664 nos
597 1602 744 1682 digneris
760 1601 929 1675 exaudire,
1282 1618 1328 1678 Et
1343 1617 1399 1679 ἦρί
1417 1639 1495 1698 qum

521 1695 676 1758 intercede
684 1695 890 1776 propeccatis
1283 1713 1321 1774 de
1334 1713 1453 1775 Mam

519 1793 609 1874 apud
622 1791 754 1853 FO'lsfm
764 1791 901 1872 dietatis
1197 1806 1363 1870 Christum
1377 1819 1491 1870 uatitm
1502 1810 1681 1888 praedicas.

562 1898 593 1950 et
608 1887 857 1949 misericordiae.
1400 1945 1421 1990 0

773 2024 790 2068 2
1149 2031 1183 2093 A
1200 2041 1344 2112 tyranno
1362 2035 1529 2116 iugulatis,

673 2119 816 2182 Sanctus
829 2121 896 2194 iste,
1150 2137 1181 2188 et
1192 2149 1213 2188 a
1232 2129 1299 2191 Deo
1311 2131 1484 2206 coronaris,

664 2225 726 2296 pro
746 2215 795 2290 Te,
811 2214 946 2290 Cluiste,
1193 2236 1327 2304 martyr,
1344 2247 1477 2306 gemma
1496 2237 1695 2307 martyrum·

607 2311 790 2388 mortificet
804 2311 951 2372 traditus
961 2335 975 2384 ‚·
1150 2321 1232 2382 Post
1238 2335 1429 2403 pressuram
1447 2326 1627 2402 torcularis,

674 2405 716 2466 M
718 2427 769 2466 ors
787 2405 878 2466 illius
1150 2419 1250 2496 quasi
1264 2421 1379 2481 m'uum
1394 2421 1573 2500 deportaris

672 2511 719 2562 est
732 2501 780 2580 ²'175
782 2501 834 2562 '¹²55
1197 2513 1315 2579 Patris
1332 2517 1365 2578 iu
1378 2517 1555 2578 cellarium.

607 2597 773 2659 advitam
793 2596 955 2660 introitus,
1401 2652 1419 2715 7

784 2735 800 2796 3
1151 2753 1268 2814 Nceem
1279 2763 1398 2832 passus
1414 2752 1628 2830 teirmaralcm,

673 2837 756 2898 Fide
768 2859 854 2912 wa,
1141 2849 1269 2927 faecem
1280 2845 1376 2927 pouis
1391 2845 1591 2926 corporalem,

672 2943 724 3013 spe
739 2935 872 3008 siucero,
1185 2955 1293 3025 purus
1310 2941 1418 3004 intras
1437 2941 1569 3004 dolium.

608 3027 766 3090 charitate
773 3029 956 3110 praeditus,
1150 3040 1192 3102 In
1208 3039 1356 3118 superuis
1367 3037 1536 3119 gloriaris,

676 3123 755 3186 Stat
771 3125 911 3186 inm‘ctus
1158 3135 1354 3197 Trinitatem
1369 3134 1604 3214 contemplaris,

674 3219 759 3282 iulet
774 3220 855 3281 ictus
1193 3231 1249 3292 lroc
1262 3239 1310 3290 est
1320 3249 1485 3290 summum
1497 3229 1671 3310 gaudium.

606 3325 637 3377 et
653 3315 783 3378 lcostilos
791 3316 963 3394 fremitus.
1402 3353 1419 3410 3

780 3456 801 3514 4
1152 3463 1250 3542 Erga
1266 3469 1396 3538 ueartm
1406 3461 1594 3537 uerreroudo,

523 3556 683 3619 Eculeum
703 3577 879 3638 perpessus
897 3569 929 3620 ct
956 3559 1107 3640 ungulas,
1144 3558 1275 3640 prosiut
1292 3555 1381 3617 uobis
1392 3565 1470 3618 tuae
1487 3557 1612 3631 laudes,

609 3661 735 3734 martyr
751 3653 966 3730 Theodorite‚
1187 3654 1295 3737 prosit
1308 3664 1339 3714 et
1347 3651 1539 3734 obsequium.

608 3749 756 3811 accensis
772 3748 985 3831 lampadibus
1150 3751 1231 3812 Post
1239 3750 1422 3830 praesentis
1439 3749 1527 3811 m'tae
1541 3772 1670 3812 cursum

565 3847 710 3908 atrocius
727 3846 951 3910 inflammaris.
1152 3869 1260 3908 servos
1276 3857 1347 3908 tuos
1362 3843 1455 3907 traltc
1469 3867 1601 3908 sursum

523 3943 672 4005 Iulianos
689 3943 869 4004 devincens
886 3954 1069 4025 apostatas,
1196 3942 1244 4004 ad
1255 3941 1337 4004 caeli
1344 3940 1520 4022 palatium.

515 4144 524 4181 1
543 4134 577 4194 ig
609 4129 663 4181 Ces
677 4129 750 4180 deux
764 4145 826 4181 vers
840 4145 875 4182 ne
889 4129 990 4182 riment
1005 4147 1055 4198 pas
1069 4139 1096 4182 et
1107 4129 1259 4182 trahissent
1273 4145 1328 4181 une
1342 4127 1418 4180 main
1434 4127 1681 4196 inexptrimenttc.

512 4224 528 4274 4
556 4209 594 4260 La
609 4208 723 4276 strophe
737 4218 797 4261 tout
811 4209 917 4262 entitre
932 4219 974 4261 est
988 4209 1150 4278 interpolce.
1168 4209 1205 4261 Le
1219 4209 1329 4276 rythme
1343 4207 1428 4260 laisse
1442 4208 1495 4260 sort
1514 4208 1530 4259 a
1555 4207 1674 4262 disicet.
1692 4211 1736 4263 De

476 4289 538 4356 plus
552 4288 678 4357 ungulas
690 4297 717 4340 et
731 4291 876 4356 apostatas
889 4307 923 4341 ne
937 4289 1039 4343 riment
1054 4306 1114 4358 pas,

512 4370 526 4418 8
541 4373 583 4420 ab
615 4367 773 4420 venerande
786 4367 887 4421 rimant
901 4385 969 4422 avec
983 4369 1080 4422 laudes
1093 4377 1136 4420 est
1151 4367 1305 4420 inattendu.

511 4447 557 4500 80
588 4464 671 4500 serva
688 4448 807 4502 Ucectou.

511 4537 592 4590 Certe
609 4539 703 4604 Prose,
717 4537 782 4588 telle
796 4537 896 4606 qu’elle
910 4556 981 4590 nous
995 4535 1124 4607 apparait
1145 4535 1189 4603 ici,
1207 4535 1277 4588 offre
1298 4535 1349 4588 des
1371 4535 1503 4603 strophes
1524 4535 1560 4586 du
1584 4535 1731 4590 douziieme

475 4615 568 4683 siicle,
579 4627 606 4669 ct
620 4616 741 4668 d’autres
756 4632 823 4668 sans
837 4619 988 4680 caracrcra
1003 4635 1069 4669 sans
1083 4617 1149 4668 date
1163 4615 1280 4684 pre'cise‚
1295 4625 1322 4667 et
1335 4631 1402 4666 sans
1416 4613 1520 4683 pocsie.
1538 4615 1577 4667 La
1591 4615 1678 4670 viritc
1691 4627 1734 4670 est

473 4696 556 4764 qu'un
572 4695 738 4762 remanieur‚
751 4695 787 4748 du
799 4696 956 4765 quinziime
970 4697 1054 4750 siscia
1069 4696 1293 4766 probabletnent‚
1305 4712 1321 4745 a
1333 4693 1492 4774 transportc
1503 4711 1537 4745 au
1549 4695 1623 4748 saint
1633 4705 1733 4764 patron

475 4774 577 4827 d'L'ries
599 4777 649 4827 des
664 4776 759 4840 tinges
773 4777 819 4845 qui
844 4778 1043 4830 s¹adrrssaient
1067 4775 1288 4844 prisnitivenient
1309 4774 1421 4826 isaim
1447 4773 1576 4826 Eticnne.
1594 4775 1632 4826 La
1648 4777 1733 4830 l’rose

475 4854 538 4923 qu'il
555 4855 723 4921 adifigurce
738 4855 807 4908 n'est
821 4875 872 4924 pas
887 4875 952 4910 sans
969 4859 1071 4909 vaieur.
1090 4856 1150 4907 [ilie
1163 4863 1206 4906 est
1226 4853 1339 4906 iitcdite.
1359 4855 1438 4904 Nous
1453 4855 1478 4904 1;ι
1494 4854 1656 4920 publierons
1671 4857 1732 4924 plus

476 4934 538 4986 tard
552 4953 558 4998 ;
572 4951 606 4987 en
622 4935 779 5001 attendant,
792 4952 863 4988 nous
879 4935 1024 5004 signaions
1039 4951 1090 5004 par
1104 4933 1225 5002 l'enipioi
1241 4932 1399 5002 d'italiques
1414 4933 1453 4984 ies
1467 4945 1612 5000 eniprunts
1626 4936 1673 5002 qui
1696 4936 1732 4988 lui

477 5023 526 5065 ont
540 5014 584 5066 tic
597 5013 670 5066 faits.
