4096 5794
491 525 559 600 572
810 524 951 575 PROSAE
979 523 1181 574 ECCLESIAE
1209 519 1425 570 LVNDENSIS

739 707 825 796 408.
859 701 933 775 DE
963 700 1186 776 SANCTA
1218 696 1503 772 BIRGITTA.

799 875 809 919 1
1427 868 1444 931 3

491 963 612 1046 Surgit,
629 961 746 1024 mundi
764 969 921 1042 vergente
938 978 1083 1040 vespere,
1145 955 1312 1037 Sponsam
1331 952 1482 1034 Sponsus
1499 951 1687 1034 frequenter
1704 953 1752 1014 in-

489 1062 579 1123 velut
595 1057 690 1122 stella
709 1057 835 1119 micans
852 1055 884 1116 in
902 1053 1045 1127 aethere,
1646 1051 1755 1125 struit,

516 1157 519 1164 ⁴
578 1154 730 1237 Birgitta,
746 1171 804 1214 vas
821 1152 949 1234 gratiae
1145 1166 1265 1211 novam
1282 1147 1370 1209 vitae
1388 1165 1538 1208 normam
1557 1145 1709 1222 instituit,

578 1269 718 1332 rosaque
735 1247 919 1311 munditiae
934 1269 940 1320 ;
1143 1254 1179 1308 ut
1196 1244 1243 1307 sic
1260 1244 1292 1306 in
1311 1261 1434 1326 sponsa
1451 1251 1550 1324 prout
1566 1242 1720 1322 congruit

493 1349 593 1413 Stans
611 1345 704 1409 fortis
721 1346 753 1408 in
771 1343 893 1408 amoris
910 1341 1051 1418 foedere,
1295 1341 1481 1405 delectetur
1496 1363 1503 1418 ;

491 1443 623 1508 scandit
640 1441 810 1508 Christum
823 1439 979 1503 decenter
989 1459 1107 1521 capere
1145 1439 1251 1503 Grato
1267 1437 1398 1502 fervens
1414 1457 1528 1500 amore
1543 1447 1700 1518 properat
1716 1456 1723 1511 ;

578 1539 688 1602 cordis
704 1539 737 1600 in
754 1537 908 1618 hospitio,
1145 1537 1259 1616 iugum
1278 1533 1400 1617 Sponsi
1419 1532 1501 1596 ferre
1517 1532 1697 1606 desiderat,

584 1635 672 1699 dulci
689 1635 862 1697 desiderio
1147 1631 1255 1694 libens
1271 1639 1304 1693 et
1321 1649 1427 1711 prona
1442 1629 1532 1711 quod
1550 1637 1711 1690 statuerat

1303 1723 1484 1806 profitetur.

1432 1837 1453 1897 4

519 1923 576 1987 Nil
594 1923 691 1986 dulce
707 1940 878 2002 quaerens,
895 1922 940 1984 nil
957 1923 1101 1986 amabile
1153 1925 1190 1988 In
1208 1922 1308 1987 caelis
1324 1943 1383 1985 sua
1399 1923 1608 1986 conversatio

519 2019 618 2095 carni,
635 2017 761 2081 mundo
777 2016 829 2079 vel
847 2036 952 2081 vanae
967 2017 1102 2099 gloriae,
1149 2021 1233 2086 miro
1249 2020 1387 2104 placens
1404 2019 1564 2084 virtutum
1581 2020 1684 2096 radio,

520 2115 642 2181 Christi
659 2113 722 2176 sub
737 2113 865 2194 gremio
880 2134 937 2176 cor
952 2112 1077 2178 humile
1149 2118 1213 2180 Dei
1231 2116 1500 2197 Sanctorumque
1516 2115 1683 2198 colloquio

802 1795 820 1842 2

671 2209 870 2296 requiescit3
1304 2221 1489 2288 recreatur;

525 2307 643 2373 Hostis
659 2315 761 2389 caput
776 2307 932 2370 contrivit
948 2305 1077 2372 fortiter
1152 2309 1306 2374 Tandem
1322 2309 1411 2371 vitae
1434 2307 1602 2390 completo
1618 2307 1737 2384 stadio,

522 2405 602 2468 dum
621 2405 653 2466 in
671 2403 761 2467 bono
776 2422 986 2467 succrescens
1010 2405 1130 2488 iugiter
1154 2407 1269 2470 mundi
1286 2403 1483 2470 transfertur
1498 2405 1541 2467 de
1563 2403 1738 2486 naufragio

523 2500 656 2566 Christo
674 2501 807 2582 Sponso
824 2500 887 2562 frui
904 2499 1041 2564 feliciter
1151 2515 1184 2569 et
1201 2505 1234 2568 in
1252 2524 1385 2568 summo
1401 2503 1484 2567 caeli
1500 2503 1669 2568 consortio

676 2596 861 2659 inardescit.
1306 2607 1492 2664 coronatur.

851 2783 914 2859 Sis,
931 2784 1081 2866 Birgitta,
1097 2702 1194 2850 ndbis
1211 2787 1364 2870 propitia,

850 2880 933 2942 mira
949 2881 992 2944 de
1008 2890 1042 2944 te
1058 2881 1184 2947 clarent
1200 2883 1354 2966 prodigia

851 2977 1011 3062 plebsque
1028 2980 1114 3044 laeta
1133 2981 1196 3044 Dei
1213 2981 1382 3064 magnalia

981 3076 1167 3144 confitetur.

852 3179 883 3244 O
902 3179 1019 3257 Maria,
1034 3181 1131 3245 dulce
1148 3181 1361 3264 praesidium,

852 3277 902 3340 fac
920 3276 1084 3360 Birgittae
1101 3299 1158 3360 per
1174 3279 1396 3362 patrocinium

854 3385 890 3439 ut
906 3385 1060 3458 optatum
1079 3377 1110 3438 in
1128 3375 1228 3440 caelis
1245 3377 1395 3441 bravium

985 3471 1082 3534 nobis
1098 3472 1203 3535 detur.

542 3618 752 3668 Manuscrlts.
776 3615 889 3669 Parus:
912 3615 985 3670 Bibl.
997 3616 1073 3683 Nat,
1088 3615 1207 3670 Missale
1222 3615 1390 3685 Leodiense,
1399 3617 1503 3686 c.r485,
1516 3616 1596 3687 piece
1609 3618 1720 3686 ajoutde
1733 3621 1771 3676 fin

509 3700 555 3748 xv‘
565 3692 658 3761 siecle,
670 3694 709 3748 X.
741 3696 855 3749 Gnun:
877 3693 950 3749 Bibl.
965 3695 1000 3749 de
1017 3695 1055 3748 M.
1068 3696 1252 3765 Vergauwen,
1268 3695 1387 3752 Missale
1407 3696 1598 3768 Traiectense,
1614 3715 1680 3768 149,
1690 3701 1773 3770 piece

507 3773 636 3844 ajouteee
649 3773 686 3827 fin
698 3773 847 3840 xv‘silcle,
863 3775 921 3827 GZ.

543 3898 625 3951 Cette
640 3897 752 3952 Prosea
765 3896 809 3950 ete
827 3897 940 3966 publice
953 3898 1026 3952 dans
1047 3898 1146 3951 l’Onus
1164 3900 1267 3953 mundi
1287 3899 1417 3968 imprime
1438 3901 1454 3953 a
1477 3900 1568 3954 Rorne
1589 3919 1624 3955 en
1650 3902 1726 3972 1485,
1743 3915 1773 3959 et

508 3975 668 4046 reproduite
681 3975 752 4030 dans
762 3976 802 4029 les
815 3975 956 4029 Lalirrska
966 3977 1199 4046 Sdngerfordom
1209 3978 1334 4032 avc'tnda.
1356 3977 1651 4049 Hymni,Sequentiae
1663 3990 1691 4034 et
1704 3981 1769 4050 piae

508 4056 654 4111 cantiones
668 4057 696 4110 in
709 4073 797 4126 regno
810 4055 930 4111 Sueciae
943 4055 1010 4110 olim
1024 4056 1145 4111 usitatae
1159 4075 1165 4111 ε
1187 4057 1283 4112 Sancti
1298 4057 1427 4126 Sueciae,
1441 4076 1467 4129 p.
1480 4073 1522 4124 47.

548 4189 557 4228 1
575 4179 596 4228 b
625 4173 654 4228 in
667 4174 783 4227 aethere
796 4189 919 4243 rnanque
932 4173 1004 4227 dans
1020 4173 1045 4226 C
1045 4175 1243 4242 olonienaszs.

544 4259 595 4309 2b
627 4254 790 4324 mundoque
812 4255 892 4308 Onus
911 4257 1018 4309 muudi.
1051 4259 1065 4308 f
1096 4255 1177 4309 bonis
1195 4255 1348 4310 succrescit
1373 4257 1453 4310 Onus
1472 4257 1580 4311 numdi.
1611 4275 1633 4325 g
1663 4257 1770 4312 Christi

510 4335 634 4389 Lunden.
668 4339 689 4387 h
720 4333 873 4388 mardescit
888 4335 968 4388 Onus
981 4334 1089 4389 nrrrndr'.
1117 4335 1264 4389 marcessit
1278 4335 1311 4402 (l)
1325 4335 1465 4388 Latinska
1478 4339 1598 4406 Sdnger.

544 4431 592 4484 3a
625 4417 752 4486 Sponsus
765 4431 900 4485 sponsam
924 4417 1004 4469 Ortus
1023 4415 1131 4468 mundi.
1163 4421 1185 4470 b
1212 4431 1344 4470 normam
1366 4425 1396 4471 ut
1416 4416 1453 4470 sit
1474 4417 1611 4486 Hasm'en.
1640 4435 1772 4472 normam

510 4510 538 4554 ut
552 4498 668 4568 suscipit
686 4497 809 4552 Lunden.
842 4516 859 4552 c
887 4509 916 4551 ut
930 4498 971 4552 sic
987 4515 1111 4568 manque
1131 4499 1203 4552 dans
1216 4500 1343 4554 Lunden.
1373 4501 1414 4554 sic
1430 4511 1513 4569 prout
1526 4501 1554 4554 in
1569 4518 1675 4570 sponsa
1690 4502 1774 4556 Onus

508 4581 616 4635 munifi.
648 4587 669 4636 d
701 4581 795 4634 fruens
809 4579 936 4634 Lumfen.
965 4580 1028 4634 ein
1043 4597 1140 4634 aurore
1154 4581 1519 4650 Colonim.1525,Lunden.
1549 4582 1652 4637 fferre
1666 4583 1773 4652 Sponsi

510 4661 590 4714 Onus
603 4661 710 4712 anundr'.

543 4757 593 4806 4a
623 4741 770 4795 conversio
786 4741 867 4794 Onus
876 4739 984 4792 mundi.
1017 4743 1038 4792 b
1066 4741 1228 4805 numerolt)
1251 4739 1367 4810 placens
1383 4742 1464 4795 Onus
1481 4743 1590 4796 mundi.
1622 4741 1694 4795 mira
1713 4741 1774 4812 pla-

507 4838 576 4876 cens
591 4820 746 4874 coloniens
754 4833 785 4890 52
790 4833 811 4889 5.

546 4905 593 4975 5b
621 4903 730 4958 clarant
751 4903 787 4958 de
809 4913 837 4957 te
864 4903 944 4957 Onus
961 4901 1070 4955 mundi.
1099 4902 1206 4957 clarent
1232 4903 1268 4957 de
1288 4911 1316 4958 te
1345 4901 1482 4974 Hasnien.
1498 4905 1623 4959 Lunden.
1654 4921 1672 4958 c
1698 4902 1776 4958 laeta

511 5001 634 5058 rnanque
647 4985 720 5040 dans
731 4985 868 5056 qunr'en.
882 4979 1009 5038 Lunden.
1024 4992 1051 5036 et
1067 4983 1146 5038 Onus
1158 4985 1266 5040 uerendi.
