<?xml version="1.0" encoding="UTF-8"?>
<!DOCTYPE html PUBLIC "-//W3C//DTD XHTML 1.0 Transitional//EN"
    "http://www.w3.org/TR/xhtml1/DTD/xhtml1-transitional.dtd">
<html xmlns="http://www.w3.org/1999/xhtml" xml:lang="en" lang="en">
 <head>
  <title>
</title>
<meta http-equiv="Content-Type" content="text/html;charset=utf-8" />
  <meta name='ocr-system' content='tesseract 3.04.00' />
  <meta name='ocr-capabilities' content='ocr_page ocr_carea ocr_par ocr_line ocrx_word'/>
</head>
<body>
  <div class='ocr_page' id='page_1' title='image "./analectaliturgi00wealgoog/analectaliturgi00wealgoog_0404.png"; bbox 0 0 4116 5784; ppageno 0'>
   <div class='ocr_carea' id='block_1_1' title="bbox 597 556 1581 634">
    <p class='ocr_par' dir='ltr' id='par_1_1' title="bbox 597 556 1581 634">
     <span class='ocr_line' id='line_1_1' title="bbox 597 556 1581 634; baseline 0.014 -29"><span class='ocrx_word' id='word_1_1' title='bbox 597 556 739 607; x_wconf 79' lang='lat' dir='ltr'>I‘ROSAE</span> <span class='ocrx_word' id='word_1_2' title='bbox 768 558 971 610; x_wconf 82' lang='lat' dir='ltr'><strong>ECCLESIAE</strong></span> <span class='ocrx_word' id='word_1_3' title='bbox 998 559 1310 611; x_wconf 83' lang='lat' dir='ltr'><strong>BVRDEGALENSIS</strong></span> <span class='ocrx_word' id='word_1_4' title='bbox 1511 563 1581 634; x_wconf 81' lang='grc'>397</span> 
     </span>
    </p>
   </div>
   <div class='ocr_carea' id='block_1_2' title="bbox 634 751 1281 818">
    <p class='ocr_par' dir='ltr' id='par_1_2' title="bbox 634 751 1281 818">
     <span class='ocr_line' id='line_1_2' title="bbox 634 751 1281 818; baseline 0.006 -4"><span class='ocrx_word' id='word_1_5' title='bbox 634 751 773 814; x_wconf 26' lang='lat' dir='ltr'>sm</span> <span class='ocrx_word' id='word_1_6' title='bbox 1068 753 1281 818; x_wconf 85' lang='lat'>·7</span> 
     </span>
    </p>
   </div>
   <div class='ocr_carea' id='block_1_3' title="bbox 415 898 1461 1456">
    <p class='ocr_par' dir='ltr' id='par_1_3' title="bbox 419 898 1378 985">
     <span class='ocr_line' id='line_1_3' title="bbox 419 898 1378 985; baseline 0.004 -23"><span class='ocrx_word' id='word_1_7' title='bbox 419 899 473 963; x_wconf 88' lang='lat' dir='ltr'>Ex</span> <span class='ocrx_word' id='word_1_8' title='bbox 489 907 523 962; x_wconf 89' lang='lat' dir='ltr'>te</span> <span class='ocrx_word' id='word_1_9' title='bbox 539 898 653 963; x_wconf 92' lang='lat' dir='ltr'>lumen</span> <span class='ocrx_word' id='word_1_10' title='bbox 670 899 832 963; x_wconf 92' lang='lat' dir='ltr'>luminum</span> <span class='ocrx_word' id='word_1_11' title='bbox 1003 901 1181 965; x_wconf 88' lang='lat' dir='ltr'>Paradisus</span> <span class='ocrx_word' id='word_1_12' title='bbox 1196 901 1378 985; x_wconf 85' lang='lat' dir='ltr'>voluptatis</span> 
     </span>
    </p>

    <p class='ocr_par' dir='ltr' id='par_1_4' title="bbox 415 997 1432 1177">
     <span class='ocr_line' id='line_1_4' title="bbox 415 997 1432 1082; baseline 0.004 -21"><span class='ocrx_word' id='word_1_13' title='bbox 415 997 496 1062; x_wconf 89' lang='lat' dir='ltr'>caeli</span> <span class='ocrx_word' id='word_1_14' title='bbox 514 997 607 1060; x_wconf 90' lang='lat' dir='ltr'>Deus</span> <span class='ocrx_word' id='word_1_15' title='bbox 623 997 796 1080; x_wconf 86' lang='lat' dir='ltr'>agminum</span> <span class='ocrx_word' id='word_1_16' title='bbox 1001 999 1043 1062; x_wconf 93' lang='lat' dir='ltr'>de</span> <span class='ocrx_word' id='word_1_17' title='bbox 1059 1018 1125 1081; x_wconf 89' lang='lat' dir='ltr'>qua</span> <span class='ocrx_word' id='word_1_18' title='bbox 1143 997 1216 1062; x_wconf 82' lang='lat' dir='ltr'>sons</span> <span class='ocrx_word' id='word_1_19' title='bbox 1232 1000 1432 1082; x_wconf 90' lang='lat' dir='ltr'>virginitatis</span> 
     </span>
     <span class='ocr_line' id='line_1_5' title="bbox 459 1094 1329 1177; baseline 0.001 -19"><span class='ocrx_word' id='word_1_20' title='bbox 459 1095 621 1158; x_wconf 91' lang='lat' dir='ltr'>mundum</span> <span class='ocrx_word' id='word_1_21' title='bbox 638 1095 815 1158; x_wconf 88' lang='lat' dir='ltr'>exornavit</span> <span class='ocrx_word' id='word_1_22' title='bbox 831 1116 839 1174; x_wconf 92' lang='lat'>;</span> <span class='ocrx_word' id='word_1_23' title='bbox 1045 1094 1192 1177; x_wconf 84' lang='lat' dir='ltr'>irrigavit</span> <span class='ocrx_word' id='word_1_24' title='bbox 1207 1098 1329 1173; x_wconf 89' lang='lat' dir='ltr'>omnia,</span> 
     </span>
    </p>

    <p class='ocr_par' dir='ltr' id='par_1_5' title="bbox 417 1189 1461 1274">
     <span class='ocr_line' id='line_1_6' title="bbox 417 1189 1461 1274; baseline 0.003 -20"><span class='ocrx_word' id='word_1_25' title='bbox 417 1190 504 1254; x_wconf 91' lang='lat' dir='ltr'>Ecce</span> <span class='ocrx_word' id='word_1_26' title='bbox 519 1190 613 1274; x_wconf 89' lang='lat' dir='ltr'>virgo</span> <span class='ocrx_word' id='word_1_27' title='bbox 628 1189 794 1273; x_wconf 91' lang='lat' dir='ltr'>virginum</span> <span class='ocrx_word' id='word_1_28' title='bbox 1005 1191 1110 1267; x_wconf 89' lang='lat' dir='ltr'>Eden,</span> <span class='ocrx_word' id='word_1_29' title='bbox 1128 1210 1223 1270; x_wconf 85' lang='lat' dir='ltr'>mons</span> <span class='ocrx_word' id='word_1_30' title='bbox 1240 1194 1461 1271; x_wconf 86' lang='lat' dir='ltr'>amoenitatis,</span> 
     </span>
    </p>

    <p class='ocr_par' dir='ltr' id='par_1_6' title="bbox 415 1285 1434 1456">
     <span class='ocr_line' id='line_1_7' title="bbox 415 1285 1434 1371; baseline 0.005 -22"><span class='ocrx_word' id='word_1_31' title='bbox 415 1308 491 1370; x_wconf 89' lang='lat' dir='ltr'>spes</span> <span class='ocrx_word' id='word_1_32' title='bbox 507 1295 540 1352; x_wconf 87' lang='lat' dir='ltr'>et</span> <span class='ocrx_word' id='word_1_33' title='bbox 556 1285 672 1352; x_wconf 87' lang='lat' dir='ltr'>dulcor</span> <span class='ocrx_word' id='word_1_34' title='bbox 686 1287 861 1352; x_wconf 91' lang='lat' dir='ltr'>hominum</span> <span class='ocrx_word' id='word_1_35' title='bbox 1002 1307 1069 1371; x_wconf 93' lang='lat' dir='ltr'>quo</span> <span class='ocrx_word' id='word_1_36' title='bbox 1086 1288 1213 1370; x_wconf 88' lang='lat' dir='ltr'>lignum</span> <span class='ocrx_word' id='word_1_37' title='bbox 1231 1287 1434 1354; x_wconf 87' lang='lat' dir='ltr'>salubritatis</span> 
     </span>
     <span class='ocr_line' id='line_1_8' title="bbox 463 1382 1379 1456; baseline 0.004 -8"><span class='ocrx_word' id='word_1_38' title='bbox 463 1405 524 1449; x_wconf 93' lang='lat' dir='ltr'>nos</span> <span class='ocrx_word' id='word_1_39' title='bbox 540 1382 740 1448; x_wconf 84' lang='lat' dir='ltr'>laetificavit.</span> <span class='ocrx_word' id='word_1_40' title='bbox 757 1447 761 1456; x_wconf 85' lang='grc'><strong>,</strong></span> <span class='ocrx_word' id='word_1_41' title='bbox 1047 1384 1109 1449; x_wconf 86' lang='lat' dir='ltr'>sert</span> <span class='ocrx_word' id='word_1_42' title='bbox 1127 1385 1276 1450; x_wconf 90' lang='lat' dir='ltr'>medelae</span> <span class='ocrx_word' id='word_1_43' title='bbox 1292 1385 1379 1452; x_wconf 87' lang='lat' dir='ltr'>folia.</span> 
     </span>
    </p>
   </div>
   <div class='ocr_carea' id='block_1_4' title="bbox 634 1542 1284 1618">
    <p class='ocr_par' dir='ltr' id='par_1_7' title="bbox 634 1542 1284 1618">
     <span class='ocr_line' id='line_1_9' title="bbox 634 1542 1284 1618; baseline 0.003 -17"><span class='ocrx_word' id='word_1_44' title='bbox 634 1557 656 1618; x_wconf 92' lang='lat'><strong>4</strong></span> <span class='ocrx_word' id='word_1_45' title='bbox 1265 1542 1284 1603; x_wconf 89' lang='lat'>8</span> 
     </span>
    </p>
   </div>
   <div class='ocr_carea' id='block_1_5' title="bbox 376 1703 1478 2177">
    <p class='ocr_par' dir='ltr' id='par_1_8' title="bbox 376 1703 1478 1770">
     <span class='ocr_line' id='line_1_10' title="bbox 376 1703 1478 1770; baseline -0.002 -1"><span class='ocrx_word' id='word_1_46' title='bbox 376 1705 428 1770; x_wconf 90' lang='lat' dir='ltr'>Tu</span> <span class='ocrx_word' id='word_1_47' title='bbox 445 1723 541 1768; x_wconf 87' lang='lat' dir='ltr'>mons</span> <span class='ocrx_word' id='word_1_48' title='bbox 558 1703 686 1768; x_wconf 90' lang='lat' dir='ltr'>Ornam</span> <span class='ocrx_word' id='word_1_49' title='bbox 703 1704 856 1768; x_wconf 90' lang='lat' dir='ltr'>lebuzaei</span> <span class='ocrx_word' id='word_1_50' title='bbox 1005 1703 1119 1768; x_wconf 92' lang='lat' dir='ltr'>Probri</span> <span class='ocrx_word' id='word_1_51' title='bbox 1136 1723 1241 1768; x_wconf 90' lang='lat' dir='ltr'>coeno</span> <span class='ocrx_word' id='word_1_52' title='bbox 1258 1703 1426 1768; x_wconf 89' lang='lat' dir='ltr'>volutatus</span> <span class='ocrx_word' id='word_1_53' title='bbox 1476 1741 1478 1746; x_wconf 94' lang='lat'>·</span> 
     </span>
    </p>

    <p class='ocr_par' dir='ltr' id='par_1_9' title="bbox 377 1801 1437 1981">
     <span class='ocr_line' id='line_1_11' title="bbox 377 1801 1437 1886; baseline -0.001 -20"><span class='ocrx_word' id='word_1_54' title='bbox 377 1823 443 1886; x_wconf 93' lang='lat' dir='ltr'>quo</span> <span class='ocrx_word' id='word_1_55' title='bbox 458 1801 622 1884; x_wconf 89' lang='lat' dir='ltr'>templum</span> <span class='ocrx_word' id='word_1_56' title='bbox 639 1809 689 1864; x_wconf 91' lang='lat' dir='ltr'>est</span> <span class='ocrx_word' id='word_1_57' title='bbox 706 1811 839 1864; x_wconf 89' lang='lat' dir='ltr'>nostrae</span> <span class='ocrx_word' id='word_1_58' title='bbox 854 1803 935 1884; x_wconf 89' lang='lat' dir='ltr'>spei,</span> <span class='ocrx_word' id='word_1_59' title='bbox 1006 1802 1107 1884; x_wconf 84' lang='lat' dir='ltr'>iaspis</span> <span class='ocrx_word' id='word_1_60' title='bbox 1122 1801 1189 1864; x_wconf 92' lang='lat' dir='ltr'>iam</span> <span class='ocrx_word' id='word_1_61' title='bbox 1206 1810 1257 1865; x_wconf 89' lang='lat' dir='ltr'>est</span> <span class='ocrx_word' id='word_1_62' title='bbox 1273 1801 1437 1866; x_wconf 88' lang='lat' dir='ltr'>revelatus</span> 
     </span>
     <span class='ocr_line' id='line_1_12' title="bbox 420 1897 1329 1981; baseline -0.003 -18"><span class='ocrx_word' id='word_1_63' title='bbox 420 1907 571 1963; x_wconf 91' lang='lat' dir='ltr'>nostrum</span> <span class='ocrx_word' id='word_1_64' title='bbox 589 1898 821 1981; x_wconf 87' lang='lat' dir='ltr'>patrocinium,</span> <span class='ocrx_word' id='word_1_65' title='bbox 1053 1897 1160 1980; x_wconf 89' lang='lat' dir='ltr'>gloria</span> <span class='ocrx_word' id='word_1_66' title='bbox 1176 1898 1329 1976; x_wconf 89' lang='lat' dir='ltr'>mirabili,</span> 
     </span>
    </p>

    <p class='ocr_par' dir='ltr' id='par_1_10' title="bbox 379 1994 1410 2079">
     <span class='ocr_line' id='line_1_13' title="bbox 379 1994 1410 2079; baseline -0.001 -19"><span class='ocrx_word' id='word_1_67' title='bbox 379 1995 507 2061; x_wconf 91' lang='lat' dir='ltr'>Iericho</span> <span class='ocrx_word' id='word_1_68' title='bbox 522 2015 588 2079; x_wconf 92' lang='lat' dir='ltr'>qua</span> <span class='ocrx_word' id='word_1_69' title='bbox 604 1995 725 2077; x_wconf 86' lang='lat' dir='ltr'>speciei</span> <span class='ocrx_word' id='word_1_70' title='bbox 1007 1994 1097 2058; x_wconf 92' lang='lat' dir='ltr'>Luto</span> <span class='ocrx_word' id='word_1_71' title='bbox 1113 2015 1219 2078; x_wconf 85' lang='lat' dir='ltr'>nuper</span> <span class='ocrx_word' id='word_1_72' title='bbox 1233 2005 1410 2079; x_wconf 91' lang='lat' dir='ltr'>coopertus</span> 
     </span>
    </p>

    <p class='ocr_par' dir='ltr' id='par_1_11' title="bbox 378 2091 1431 2177">
     <span class='ocr_line' id='line_1_14' title="bbox 378 2091 1431 2177; baseline 0 -19"><span class='ocrx_word' id='word_1_73' title='bbox 378 2113 452 2158; x_wconf 86' lang='lat' dir='ltr'>rosa</span> <span class='ocrx_word' id='word_1_74' title='bbox 467 2102 592 2168; x_wconf 87' lang='lat' dir='ltr'>vernat,</span> <span class='ocrx_word' id='word_1_75' title='bbox 610 2091 720 2156; x_wconf 92' lang='lat' dir='ltr'>Mater</span> <span class='ocrx_word' id='word_1_76' title='bbox 737 2091 811 2170; x_wconf 89' lang='lat' dir='ltr'>Dei,</span> <span class='ocrx_word' id='word_1_77' title='bbox 1005 2112 1099 2174; x_wconf 86' lang='lat' dir='ltr'>onyx</span> <span class='ocrx_word' id='word_1_78' title='bbox 1117 2092 1214 2158; x_wconf 89' lang='lat' dir='ltr'>nobis</span> <span class='ocrx_word' id='word_1_79' title='bbox 1229 2102 1280 2157; x_wconf 88' lang='lat' dir='ltr'>est</span> <span class='ocrx_word' id='word_1_80' title='bbox 1295 2103 1431 2177; x_wconf 89' lang='lat' dir='ltr'>apertus</span> 
     </span>
    </p>
   </div>
   <div class='ocr_carea' id='block_1_6' title="bbox 420 2193 1409 2279">
    <p class='ocr_par' dir='ltr' id='par_1_12' title="bbox 420 2193 1409 2279">
     <span class='ocr_line' id='line_1_15' title="bbox 420 2193 1409 2279; baseline 0 -19"><span class='ocrx_word' id='word_1_81' title='bbox 420 2205 529 2260; x_wconf 92' lang='lat' dir='ltr'>totum</span> <span class='ocrx_word' id='word_1_82' title='bbox 546 2203 696 2260; x_wconf 88' lang='lat' dir='ltr'>nostrum</span> <span class='ocrx_word' id='word_1_83' title='bbox 714 2193 882 2276; x_wconf 87' lang='lat' dir='ltr'>gaudium.</span> <span class='ocrx_word' id='word_1_84' title='bbox 1050 2194 1210 2277; x_wconf 85' lang='lat' dir='ltr'>adspectu</span> <span class='ocrx_word' id='word_1_85' title='bbox 1227 2195 1409 2279; x_wconf 87' lang='lat' dir='ltr'>spectabili.</span> 
     </span>
    </p>
   </div>
   <div class='ocr_carea' id='block_1_7' title="bbox 641 2364 1289 2434">
    <p class='ocr_par' dir='ltr' id='par_1_13' title="bbox 641 2364 1289 2434">
     <span class='ocr_line' id='line_1_16' title="bbox 641 2364 1289 2434; baseline 0.006 -4"><span class='ocrx_word' id='word_1_86' title='bbox 641 2364 655 2430; x_wconf 87' lang='grc'><strong>5</strong></span> <span class='ocrx_word' id='word_1_87' title='bbox 1267 2369 1289 2434; x_wconf 91' lang='grc'>9</span> 
     </span>
    </p>
   </div>
   <div class='ocr_carea' id='block_1_8' title="bbox 379 2503 1460 3062">
    <p class='ocr_par' dir='ltr' id='par_1_14' title="bbox 379 2503 1460 2586">
     <span class='ocr_line' id='line_1_17' title="bbox 379 2503 1460 2586; baseline 0.001 -18"><span class='ocrx_word' id='word_1_88' title='bbox 379 2504 430 2568; x_wconf 87' lang='lat' dir='ltr'>Tu</span> <span class='ocrx_word' id='word_1_89' title='bbox 447 2524 482 2568; x_wconf 88' lang='lat' dir='ltr'>es</span> <span class='ocrx_word' id='word_1_90' title='bbox 498 2523 585 2586; x_wconf 85' lang='lat' dir='ltr'>aqua</span> <span class='ocrx_word' id='word_1_91' title='bbox 603 2503 764 2568; x_wconf 88' lang='lat' dir='ltr'>Ieremiae</span> <span class='ocrx_word' id='word_1_92' title='bbox 1006 2503 1058 2568; x_wconf 90' lang='lat' dir='ltr'>Tu</span> <span class='ocrx_word' id='word_1_93' title='bbox 1076 2524 1111 2568; x_wconf 88' lang='lat' dir='ltr'>es</span> <span class='ocrx_word' id='word_1_94' title='bbox 1127 2503 1210 2568; x_wconf 91' lang='lat' dir='ltr'>lucis</span> <span class='ocrx_word' id='word_1_95' title='bbox 1229 2505 1460 2583; x_wconf 87' lang='lat' dir='ltr'>carbunculus,</span> 
     </span>
    </p>

    <p class='ocr_par' dir='ltr' id='par_1_15' title="bbox 380 2599 1443 2782">
     <span class='ocr_line' id='line_1_18' title="bbox 380 2599 1443 2684; baseline 0.001 -19"><span class='ocrx_word' id='word_1_96' title='bbox 380 2621 445 2684; x_wconf 90' lang='lat' dir='ltr'>qua</span> <span class='ocrx_word' id='word_1_97' title='bbox 461 2601 623 2684; x_wconf 88' lang='lat' dir='ltr'>processit</span> <span class='ocrx_word' id='word_1_98' title='bbox 639 2599 700 2664; x_wconf 86' lang='lat' dir='ltr'>sax</span> <span class='ocrx_word' id='word_1_99' title='bbox 718 2601 845 2666; x_wconf 88' lang='lat' dir='ltr'>Mariae</span> <span class='ocrx_word' id='word_1_100' title='bbox 1011 2610 1046 2665; x_wconf 90' lang='lat' dir='ltr'>tu</span> <span class='ocrx_word' id='word_1_101' title='bbox 1064 2601 1203 2666; x_wconf 88' lang='lat' dir='ltr'>Domini</span> <span class='ocrx_word' id='word_1_102' title='bbox 1220 2601 1443 2684; x_wconf 73' lang='lat' dir='ltr'>crepusculuS,</span> 
     </span>
     <span class='ocr_line' id='line_1_19' title="bbox 423 2698 1358 2782; baseline 0.001 -20"><span class='ocrx_word' id='word_1_103' title='bbox 423 2698 535 2763; x_wconf 87' lang='lat' dir='ltr'>altaris</span> <span class='ocrx_word' id='word_1_104' title='bbox 552 2698 721 2780; x_wconf 88' lang='lat' dir='ltr'>mysterio,</span> <span class='ocrx_word' id='word_1_105' title='bbox 1138 2698 1218 2763; x_wconf 93' lang='lat' dir='ltr'>luna</span> <span class='ocrx_word' id='word_1_106' title='bbox 1234 2699 1358 2782; x_wconf 91' lang='lat' dir='ltr'>plena;</span> 
     </span>
    </p>

    <p class='ocr_par' dir='ltr' id='par_1_16' title="bbox 381 2793 1453 2878">
     <span class='ocr_line' id='line_1_20' title="bbox 381 2793 1453 2878; baseline 0.001 -20"><span class='ocrx_word' id='word_1_107' title='bbox 381 2793 494 2858; x_wconf 91' lang='lat' dir='ltr'>Archa</span> <span class='ocrx_word' id='word_1_108' title='bbox 511 2794 622 2876; x_wconf 85' lang='lat' dir='ltr'>virgae</span> <span class='ocrx_word' id='word_1_109' title='bbox 637 2793 865 2876; x_wconf 87' lang='lat' dir='ltr'>gubernatrix,</span> <span class='ocrx_word' id='word_1_110' title='bbox 1008 2794 1061 2858; x_wconf 93' lang='lat' dir='ltr'>Tu</span> <span class='ocrx_word' id='word_1_111' title='bbox 1079 2795 1198 2858; x_wconf 89' lang='lat' dir='ltr'>Matris</span> <span class='ocrx_word' id='word_1_112' title='bbox 1216 2794 1280 2859; x_wconf 93' lang='lat' dir='ltr'>Dei</span> <span class='ocrx_word' id='word_1_113' title='bbox 1296 2795 1453 2878; x_wconf 84' lang='lat' dir='ltr'>genitrix,</span> 
     </span>
    </p>

    <p class='ocr_par' dir='ltr' id='par_1_17' title="bbox 381 2890 1451 3062">
     <span class='ocr_line' id='line_1_21' title="bbox 381 2890 1451 2973; baseline 0.001 -19"><span class='ocrx_word' id='word_1_114' title='bbox 381 2911 466 2973; x_wconf 86' lang='lat' dir='ltr'>quae</span> <span class='ocrx_word' id='word_1_115' title='bbox 481 2890 570 2956; x_wconf 87' lang='lat' dir='ltr'>floris</span> <span class='ocrx_word' id='word_1_116' title='bbox 587 2893 660 2954; x_wconf 90' lang='lat' dir='ltr'>miri</span> <span class='ocrx_word' id='word_1_117' title='bbox 677 2891 822 2955; x_wconf 87' lang='lat' dir='ltr'>delatrix</span> <span class='ocrx_word' id='word_1_118' title='bbox 1009 2901 1045 2954; x_wconf 92' lang='lat' dir='ltr'>tu</span> <span class='ocrx_word' id='word_1_119' title='bbox 1064 2892 1179 2957; x_wconf 89' lang='lat' dir='ltr'>mundi</span> <span class='ocrx_word' id='word_1_120' title='bbox 1198 2891 1299 2955; x_wconf 89' lang='lat' dir='ltr'>Lucis</span> <span class='ocrx_word' id='word_1_121' title='bbox 1316 2893 1451 2970; x_wconf 89' lang='lat' dir='ltr'>editrix‚</span> 
     </span>
     <span class='ocr_line' id='line_1_22' title="bbox 423 2988 1337 3062; baseline 0 -9"><span class='ocrx_word' id='word_1_122' title='bbox 423 2989 499 3053; x_wconf 93' lang='lat' dir='ltr'>iusti</span> <span class='ocrx_word' id='word_1_123' title='bbox 516 2988 579 3054; x_wconf 90' lang='lat' dir='ltr'>luit</span> <span class='ocrx_word' id='word_1_124' title='bbox 594 2988 731 3052; x_wconf 88' lang='lat' dir='ltr'>sanctio.</span> <span class='ocrx_word' id='word_1_125' title='bbox 980 3051 985 3062; x_wconf 80' lang='grc'><strong>,</strong></span> <span class='ocrx_word' id='word_1_126' title='bbox 1139 2988 1228 3054; x_wconf 87' lang='lat' dir='ltr'>vitae</span> <span class='ocrx_word' id='word_1_127' title='bbox 1244 3009 1337 3054; x_wconf 89' lang='lat' dir='ltr'>vena.</span> 
     </span>
    </p>
   </div>
   <div class='ocr_carea' id='block_1_9' title="bbox 639 3143 1303 3220">
    <p class='ocr_par' dir='ltr' id='par_1_18' title="bbox 639 3143 1303 3220">
     <span class='ocr_line' id='line_1_23' title="bbox 639 3143 1303 3220; baseline 0.002 -14"><span class='ocrx_word' id='word_1_128' title='bbox 639 3143 662 3206; x_wconf 91' lang='lat'><strong>6</strong></span> <span class='ocrx_word' id='word_1_129' title='bbox 1145 3160 1303 3220; x_wconf 51' lang='lat'>¹10</span> 
     </span>
    </p>
   </div>
   <div class='ocr_carea' id='block_1_10' title="bbox 424 3295 1537 3868">
    <p class='ocr_par' dir='ltr' id='par_1_19' title="bbox 424 3295 1458 3478">
     <span class='ocr_line' id='line_1_24' title="bbox 424 3295 1458 3382; baseline 0.005 -23"><span class='ocrx_word' id='word_1_130' title='bbox 424 3295 475 3360; x_wconf 93' lang='lat' dir='ltr'>Tu</span> <span class='ocrx_word' id='word_1_131' title='bbox 492 3317 527 3360; x_wconf 87' lang='lat' dir='ltr'>es</span> <span class='ocrx_word' id='word_1_132' title='bbox 543 3317 645 3361; x_wconf 91' lang='lat' dir='ltr'>cornu</span> <span class='ocrx_word' id='word_1_133' title='bbox 662 3299 726 3362; x_wconf 90' lang='lat' dir='ltr'>olei</span> <span class='ocrx_word' id='word_1_134' title='bbox 1010 3298 1122 3378; x_wconf 85' lang='lat' dir='ltr'>Anna,</span> <span class='ocrx_word' id='word_1_135' title='bbox 1139 3319 1197 3382; x_wconf 88' lang='lat' dir='ltr'>per</span> <span class='ocrx_word' id='word_1_136' title='bbox 1213 3309 1246 3363; x_wconf 91' lang='lat' dir='ltr'>te</span> <span class='ocrx_word' id='word_1_137' title='bbox 1263 3319 1458 3378; x_wconf 87' lang='lat' dir='ltr'>mereamur,</span> 
     </span>
     <span class='ocr_line' id='line_1_25' title="bbox 424 3395 1406 3478; baseline 0.004 -22"><span class='ocrx_word' id='word_1_138' title='bbox 424 3413 490 3475; x_wconf 92' lang='lat' dir='ltr'>quo</span> <span class='ocrx_word' id='word_1_139' title='bbox 506 3395 646 3458; x_wconf 91' lang='lat' dir='ltr'>dilectus</span> <span class='ocrx_word' id='word_1_140' title='bbox 662 3395 740 3457; x_wconf 90' lang='lat' dir='ltr'>vitei</span> <span class='ocrx_word' id='word_1_141' title='bbox 1011 3405 1176 3459; x_wconf 91' lang='lat' dir='ltr'>merentes</span> <span class='ocrx_word' id='word_1_142' title='bbox 1192 3395 1406 3478; x_wconf 86' lang='lat' dir='ltr'>experiamur</span> 
     </span>
    </p>

    <p class='ocr_par' dir='ltr' id='par_1_20' title="bbox 427 3491 1497 3771">
     <span class='ocr_line' id='line_1_26' title="bbox 468 3491 1451 3576; baseline 0.006 -23"><span class='ocrx_word' id='word_1_143' title='bbox 468 3491 550 3554; x_wconf 91' lang='lat' dir='ltr'>rami</span> <span class='ocrx_word' id='word_1_144' title='bbox 567 3492 686 3575; x_wconf 89' lang='lat' dir='ltr'>terpsit</span> <span class='ocrx_word' id='word_1_145' title='bbox 702 3491 856 3572; x_wconf 80' lang='lat' dir='ltr'>fructum,</span> <span class='ocrx_word' id='word_1_146' title='bbox 1056 3493 1198 3576; x_wconf 90' lang='lat' dir='ltr'>Nepotis</span> <span class='ocrx_word' id='word_1_147' title='bbox 1215 3493 1451 3573; x_wconf 88' lang='lat' dir='ltr'>elementiam;</span> 
     </span>
     <span class='ocr_line' id='line_1_27' title="bbox 427 3587 1497 3673; baseline 0.002 -21"><span class='ocrx_word' id='word_1_148' title='bbox 427 3587 617 3652; x_wconf 88' lang='lat' dir='ltr'>Salomonis</span> <span class='ocrx_word' id='word_1_149' title='bbox 633 3587 753 3653; x_wconf 88' lang='lat' dir='ltr'>solium</span> <span class='ocrx_word' id='word_1_150' title='bbox 1012 3589 1156 3654; x_wconf 86' lang='lat' dir='ltr'>Veniam</span> <span class='ocrx_word' id='word_1_151' title='bbox 1174 3590 1228 3654; x_wconf 92' lang='lat' dir='ltr'>hic</span> <span class='ocrx_word' id='word_1_152' title='bbox 1245 3611 1497 3673; x_wconf 88' lang='lat' dir='ltr'>consequamur,</span> 
     </span>
     <span class='ocr_line' id='line_1_28' title="bbox 427 3685 1447 3771; baseline 0.003 -23"><span class='ocrx_word' id='word_1_153' title='bbox 427 3685 515 3767; x_wconf 90' lang='lat' dir='ltr'>quod</span> <span class='ocrx_word' id='word_1_154' title='bbox 532 3685 641 3750; x_wconf 88' lang='lat' dir='ltr'>almae</span> <span class='ocrx_word' id='word_1_155' title='bbox 658 3706 716 3768; x_wconf 91' lang='lat' dir='ltr'>per</span> <span class='ocrx_word' id='word_1_156' title='bbox 732 3685 846 3764; x_wconf 88' lang='lat' dir='ltr'>filium,</span> <span class='ocrx_word' id='word_1_157' title='bbox 1012 3686 1077 3750; x_wconf 93' lang='lat' dir='ltr'>illic</span> <span class='ocrx_word' id='word_1_158' title='bbox 1095 3697 1205 3750; x_wconf 87' lang='lat' dir='ltr'>tecum</span> <span class='ocrx_word' id='word_1_159' title='bbox 1222 3687 1447 3771; x_wconf 86' lang='lat' dir='ltr'>adsequamur</span> 
     </span>
    </p>

    <p class='ocr_par' dir='ltr' id='par_1_21' title="bbox 471 3783 1537 3868">
     <span class='ocr_line' id='line_1_29' title="bbox 471 3783 1537 3868; baseline 0.004 -22"><span class='ocrx_word' id='word_1_160' title='bbox 471 3793 522 3847; x_wconf 86' lang='lat' dir='ltr'>est</span> <span class='ocrx_word' id='word_1_161' title='bbox 537 3783 635 3846; x_wconf 89' lang='lat' dir='ltr'>matri</span> <span class='ocrx_word' id='word_1_162' title='bbox 651 3794 906 3866; x_wconf 90' lang='lat' dir='ltr'>praestructum.</span> <span class='ocrx_word' id='word_1_163' title='bbox 1057 3785 1296 3868; x_wconf 87' lang='lat' dir='ltr'>sempiternam</span> <span class='ocrx_word' id='word_1_164' title='bbox 1313 3783 1465 3867; x_wconf 89' lang='lat' dir='ltr'>gloriam.</span> <span class='ocrx_word' id='word_1_165' title='bbox 1534 3857 1537 3866; x_wconf 56' lang='grc'><em>,</em></span> 
     </span>
    </p>
   </div>
   <div class='ocr_carea' id='block_1_11' title="bbox 378 3991 1529 4065">
    <p class='ocr_par' dir='ltr' id='par_1_22' title="bbox 378 3991 1529 4065">
     <span class='ocr_line' id='line_1_30' title="bbox 378 3991 1529 4065; baseline 0.007 -21"><span class='ocrx_word' id='word_1_166' title='bbox 378 3995 569 4048; x_wconf 83' lang='lat' dir='ltr'>Manuscrit.</span> <span class='ocrx_word' id='word_1_167' title='bbox 593 3993 706 4048; x_wconf 75' lang='lat' dir='ltr'>Palus:</span> <span class='ocrx_word' id='word_1_168' title='bbox 726 3994 799 4050; x_wconf 88' lang='lat' dir='ltr'>Bibl.</span> <span class='ocrx_word' id='word_1_169' title='bbox 816 3995 892 4064; x_wconf 81' lang='lat' dir='ltr'>Nat,</span> <span class='ocrx_word' id='word_1_170' title='bbox 906 3993 966 4063; x_wconf 89' lang='lat'>871,</span> <span class='ocrx_word' id='word_1_171' title='bbox 982 3991 1081 4050; x_wconf 87' lang='lat' dir='ltr'>Missel</span> <span class='ocrx_word' id='word_1_172' title='bbox 1092 3993 1128 4049; x_wconf 88' lang='lat' dir='ltr'>de</span> <span class='ocrx_word' id='word_1_173' title='bbox 1142 3993 1301 4062; x_wconf 86' lang='lat' dir='ltr'>Bordeaux,</span> <span class='ocrx_word' id='word_1_174' title='bbox 1314 4001 1362 4050; x_wconf 77' lang='lat' dir='ltr'>xxe</span> <span class='ocrx_word' id='word_1_175' title='bbox 1372 3993 1466 4065; x_wconf 70' lang='lat' dir='ltr'>siecle,</span> <span class='ocrx_word' id='word_1_176' title='bbox 1485 3996 1529 4052; x_wconf 90' lang='lat' dir='ltr'>W.</span> 
     </span>
    </p>
   </div>
   <div class='ocr_carea' id='block_1_12' title="bbox 377 4165 1376 4316">
    <p class='ocr_par' dir='ltr' id='par_1_23' title="bbox 377 4165 1376 4316">
     <span class='ocr_line' id='line_1_31' title="bbox 378 4165 1376 4238; baseline 0.004 -22"><span class='ocrx_word' id='word_1_177' title='bbox 378 4168 426 4217; x_wconf 82' lang='lat' dir='ltr'>rh</span> <span class='ocrx_word' id='word_1_178' title='bbox 456 4173 611 4236; x_wconf 88' lang='lat' dir='ltr'>conceptus</span> <span class='ocrx_word' id='word_1_179' title='bbox 625 4165 814 4234; x_wconf 72' lang='lat' dir='ltr'>Burdegalen.</span> <span class='ocrx_word' id='word_1_180' title='bbox 847 4183 864 4221; x_wconf 85' lang='lat' dir='ltr'>e</span> <span class='ocrx_word' id='word_1_181' title='bbox 894 4166 994 4222; x_wconf 89' lang='lat' dir='ltr'>reddet</span> <span class='ocrx_word' id='word_1_182' title='bbox 1007 4165 1197 4238; x_wconf 81' lang='lat' dir='ltr'>Burdegalen.</span> <span class='ocrx_word' id='word_1_183' title='bbox 1229 4165 1311 4221; x_wconf 87' lang='lat' dir='ltr'>cedet</span> <span class='ocrx_word' id='word_1_184' title='bbox 1330 4167 1376 4220; x_wconf 91' lang='lat' dir='ltr'>W.</span> 
     </span>
     <span class='ocr_line' id='line_1_32' title="bbox 377 4243 828 4316; baseline 0.004 -18"><span class='ocrx_word' id='word_1_185' title='bbox 377 4258 424 4298; x_wconf 81' lang='lat'>20</span> <span class='ocrx_word' id='word_1_186' title='bbox 454 4243 625 4314; x_wconf 87' lang='lat' dir='ltr'>virgulatum</span> <span class='ocrx_word' id='word_1_187' title='bbox 640 4245 828 4316; x_wconf 82' lang='lat' dir='ltr'>Burdegalen.</span> 
     </span>
    </p>
   </div>
   <div class='ocr_carea' id='block_1_13' title="bbox 377 4323 1160 4473">
    <p class='ocr_par' dir='ltr' id='par_1_24' title="bbox 377 4323 1160 4473">
     <span class='ocr_line' id='line_1_33' title="bbox 377 4323 1160 4396; baseline 0.005 -18"><span class='ocrx_word' id='word_1_188' title='bbox 377 4337 393 4392; x_wconf 87' lang='lat'>3</span> <span class='ocrx_word' id='word_1_189' title='bbox 406 4340 423 4378; x_wconf 83' lang='grc' dir='ltr'><strong>ο</strong></span> <span class='ocrx_word' id='word_1_190' title='bbox 453 4323 581 4379; x_wconf 91' lang='lat' dir='ltr'>omnium</span> <span class='ocrx_word' id='word_1_191' title='bbox 597 4325 640 4380; x_wconf 93' lang='lat' dir='ltr'>W.</span> <span class='ocrx_word' id='word_1_192' title='bbox 650 4326 848 4396; x_wconf 75' lang='lat' dir='ltr'>Burdegalen,</span> <span class='ocrx_word' id='word_1_193' title='bbox 862 4326 1003 4382; x_wconf 86' lang='lat' dir='ltr'>contraire</span> <span class='ocrx_word' id='word_1_194' title='bbox 1013 4326 1030 4380; x_wconf 75' lang='lat' dir='ltr'>a</span> <span class='ocrx_word' id='word_1_195' title='bbox 1039 4326 1067 4380; x_wconf 82' lang='lat' dir='ltr'>la</span> <span class='ocrx_word' id='word_1_196' title='bbox 1079 4325 1160 4382; x_wconf 87' lang='lat' dir='ltr'>rime.</span> 
     </span>
     <span class='ocr_line' id='line_1_34' title="bbox 378 4405 682 4473; baseline 0.003 -15"><span class='ocrx_word' id='word_1_197' title='bbox 378 4418 428 4469; x_wconf 84' lang='lat' dir='ltr'>4a</span> <span class='ocrx_word' id='word_1_198' title='bbox 457 4405 620 4473; x_wconf 74' lang='lat' dir='ltr'>Arenuall)</span> <span class='ocrx_word' id='word_1_199' title='bbox 640 4405 682 4459; x_wconf 93' lang='lat' dir='ltr'>W.</span> 
     </span>
    </p>
   </div>
   <div class='ocr_carea' id='block_1_14' title="bbox 347 4483 1604 4794">
    <p class='ocr_par' dir='ltr' id='par_1_25' title="bbox 377 4483 1369 4556">
     <span class='ocr_line' id='line_1_35' title="bbox 377 4483 1369 4556; baseline 0.004 -20"><span class='ocrx_word' id='word_1_200' title='bbox 377 4483 394 4536; x_wconf 85' lang='lat'><strong>6</strong></span> <span class='ocrx_word' id='word_1_201' title='bbox 407 4487 429 4536; x_wconf 92' lang='lat' dir='ltr'>b</span> <span class='ocrx_word' id='word_1_202' title='bbox 459 4483 559 4538; x_wconf 88' lang='lat' dir='ltr'>vineae</span> <span class='ocrx_word' id='word_1_203' title='bbox 572 4483 761 4555; x_wconf 67' lang='lat' dir='ltr'>Burdogalen.</span> <span class='ocrx_word' id='word_1_204' title='bbox 792 4485 863 4540; x_wconf 91' lang='lat' dir='ltr'>rami</span> <span class='ocrx_word' id='word_1_205' title='bbox 878 4501 963 4556; x_wconf 90' lang='lat' dir='ltr'>prosa</span> <span class='ocrx_word' id='word_1_206' title='bbox 975 4484 1117 4556; x_wconf 80' lang='lat' dir='ltr'>decerpsit</span> <span class='ocrx_word' id='word_1_207' title='bbox 1130 4483 1164 4554; x_wconf 84' lang='lat' dir='ltr'>(l)</span> <span class='ocrx_word' id='word_1_208' title='bbox 1179 4485 1369 4556; x_wconf 81' lang='lat' dir='ltr'>Burdegalen.</span> 
     </span>
    </p>

    <p class='ocr_par' dir='ltr' id='par_1_26' title="bbox 381 4562 801 4634">
     <span class='ocr_line' id='line_1_36' title="bbox 381 4562 801 4634; baseline 0.005 -16"><span class='ocrx_word' id='word_1_209' title='bbox 381 4569 423 4628; x_wconf 73' lang='lat'>71</span> <span class='ocrx_word' id='word_1_210' title='bbox 453 4562 738 4634; x_wconf 83' lang='lat' dir='ltr'>soliamanquedans</span> <span class='ocrx_word' id='word_1_211' title='bbox 757 4565 801 4620; x_wconf 94' lang='lat' dir='ltr'>W.</span> 
     </span>
    </p>

    <p class='ocr_par' dir='ltr' id='par_1_27' title="bbox 347 4641 1604 4794">
     <span class='ocr_line' id='line_1_37' title="bbox 378 4641 1604 4718; baseline 0.008 -23"><span class='ocrx_word' id='word_1_212' title='bbox 378 4643 427 4696; x_wconf 85' lang='lat' dir='ltr'>8a</span> <span class='ocrx_word' id='word_1_213' title='bbox 459 4641 599 4713; x_wconf 89' lang='lat' dir='ltr'>improbri</span> <span class='ocrx_word' id='word_1_214' title='bbox 615 4643 658 4698; x_wconf 89' lang='lat' dir='ltr'>W.</span> <span class='ocrx_word' id='word_1_215' title='bbox 690 4645 826 4716; x_wconf 89' lang='lat' dir='ltr'>inprobri</span> <span class='ocrx_word' id='word_1_216' title='bbox 839 4643 1026 4716; x_wconf 80' lang='lat' dir='ltr'>Burdegalen.</span> <span class='ocrx_word' id='word_1_217' title='bbox 1060 4645 1221 4715; x_wconf 88' lang='lat' dir='ltr'>voluptatus</span> <span class='ocrx_word' id='word_1_218' title='bbox 1239 4645 1486 4718; x_wconf 74' lang='lat' dir='ltr'>WBurdegalem</span> <span class='ocrx_word' id='word_1_219' title='bbox 1514 4651 1528 4702; x_wconf 82' lang='lat' dir='ltr'>i</span> <span class='ocrx_word' id='word_1_220' title='bbox 1554 4649 1604 4705; x_wconf 88' lang='lat' dir='ltr'>ad·</span> 
     </span>
     <span class='ocr_line' id='line_1_38' title="bbox 347 4724 1323 4794; baseline 0 -16"><span class='ocrx_word' id='word_1_221' title='bbox 347 4733 458 4794; x_wconf 86' lang='lat' dir='ltr'>spectus</span> <span class='ocrx_word' id='word_1_222' title='bbox 471 4724 661 4794; x_wconf 77' lang='lat' dir='ltr'>Burdcgalen.</span> <span class='ocrx_word' id='word_1_223' title='bbox 1320 4763 1323 4771; x_wconf 64' lang='lat'><em>.</em></span> 
     </span>
    </p>
   </div>
   <div class='ocr_carea' id='block_1_15' title="bbox 381 4805 1269 4878">
    <p class='ocr_par' dir='ltr' id='par_1_28' title="bbox 381 4805 1269 4878">
     <span class='ocr_line' id='line_1_39' title="bbox 381 4805 1269 4878; baseline 0.003 -18"><span class='ocrx_word' id='word_1_224' title='bbox 381 4810 431 4874; x_wconf 88' lang='lat' dir='ltr'>9b</span> <span class='ocrx_word' id='word_1_225' title='bbox 463 4805 517 4860; x_wconf 90' lang='lat' dir='ltr'>Dei</span> <span class='ocrx_word' id='word_1_226' title='bbox 532 4807 728 4876; x_wconf 87' lang='lat' dir='ltr'>crepusculum</span> <span class='ocrx_word' id='word_1_227' title='bbox 741 4806 930 4878; x_wconf 78' lang='lat' dir='ltr'>Burdrgalen.</span> <span class='ocrx_word' id='word_1_228' title='bbox 962 4811 984 4862; x_wconf 91' lang='lat' dir='ltr'>d</span> <span class='ocrx_word' id='word_1_229' title='bbox 1012 4807 1056 4861; x_wconf 90' lang='lat' dir='ltr'>Tu</span> <span class='ocrx_word' id='word_1_230' title='bbox 1069 4807 1136 4862; x_wconf 88' lang='lat' dir='ltr'>viris</span> <span class='ocrx_word' id='word_1_231' title='bbox 1152 4807 1207 4863; x_wconf 87' lang='lat' dir='ltr'>Dei</span> <span class='ocrx_word' id='word_1_232' title='bbox 1227 4809 1269 4863; x_wconf 91' lang='lat' dir='ltr'>W.</span> 
     </span>
    </p>
   </div>
   <div class='ocr_carea' id='block_1_16' title="bbox 0 0 2074 5784">
    <p class='ocr_par' dir='ltr' id='par_1_29' title="bbox 0 0 2074 5784">
     <span class='ocr_line' id='line_1_40' title="bbox 0 0 2074 5784; baseline 0 0"><span class='ocrx_word' id='word_1_233' title='bbox 0 0 2074 5784; x_wconf 95' lang='lat' dir='ltr'> </span> 
     </span>
    </p>
   </div>
  </div>
 </body>
</html>
