4108 5794
503 501 576 576 280
700 561 703 568 .
779 517 923 572 PROSAE
949 517 1155 572 aectasma
1182 517 1494 572 ARGENTINENSIS

727 703 805 776 181.
838 699 913 774 DE
944 698 1168 774 SANCTO
1196 697 1534 776 AVGVSTINO.

529 887 553 934 1.
578 868 695 936 Sancti
722 867 905 950 Augustini
934 867 1052 930 merita
1080 865 1267 948 magnifica,
1295 865 1533 948 Redemptoris
1549 884 1626 930 cum
1642 861 1761 948 gloria,

633 965 778 1029 celebret
794 964 905 1046 dignis
922 963 1076 1028 laudibus
1095 962 1266 1042 Ecclesia;

527 1109 554 1157 2.
578 1091 645 1176 Qui
663 1101 761 1154 natus
778 1087 912 1154 saeculo
928 1089 960 1152 in
972 1087 1097 1165 Africa,
1113 1088 1172 1151 sed
1190 1095 1323 1151 renatus
1335 1085 1469 1152 Christo
1481 1095 1531 1150 est
1548 1087 1580 1149 in
1599 1085 1718 1162 ltalia;

526 1206 553 1270 3.
577 1189 688 1274 Quem
705 1197 840 1251 sanctus
856 1187 1021 1250 convertit
1046 1183 1257 1261 Ambrosius,
1283 1203 1362 1265 ergo
1386 1192 1478 1248 totus
1505 1182 1644 1266 plaudat
1671 1181 1762 1246 orbis

634 1284 827 1348 catholicus.

524 1435 554 1495 4.
579 1415 667 1478 Nam
686 1415 809 1478 Divina
829 1411 1041 1477 Providentia
1057 1410 1170 1475 divisit
1185 1410 1297 1474 decori
1312 1409 1434 1474 domus
1450 1409 1566 1494 spolia.

528 1527 553 1593 5.
579 1511 692 1576 Gemit
708 1520 807 1594 capta
824 1509 919 1593 plebs
935 1507 1111 1586 haeretica,
1126 1507 1262 1592 proprio
1279 1526 1437 1570 mucrone
1453 1526 1550 1570 caeso
1567 1503 1675 1571 Golia.

527 1649 556 1713 6.
581 1647 737 1712 Laudent
754 1645 925 1709 Ecclesiae
940 1643 1076 1726 agmina
1092 1661 1207 1706 verum
1226 1641 1337 1706 David
1355 1641 1538 1724 sequentia,

526 1761 556 1825 7.
579 1743 762 1826 Augustini
778 1761 864 1824 quae
881 1761 939 1822 per
954 1741 1116 1822 dogmata
1132 1739 1290 1802 liberatur
1306 1735 1445 1821 perfidia

526 1878 554 1940 8.
580 1875 646 1939 Hic
664 1893 810 1956 namque
825 1882 876 1936 est
892 1872 980 1935 vitae
997 1872 1139 1949 lucerna,
1154 1871 1358 1936 candelabro
1375 1872 1595 1956 superposita,

525 1989 555 2054 9.
579 1970 743 2034 Doctrina
759 1969 852 2032 cuius
870 1967 1028 2032 melliflua
1045 1969 1164 2052 pandit
1180 1969 1242 2032 iter
1258 1969 1300 2033 ad
1317 1968 1472 2033 caelestia
1487 1989 1494 2046 ;

506 2121 551 2168 10.
577 2101 747 2167 Infantem
764 2101 939 2165 scientiam
957 2101 1073 2164 mundi
1090 2102 1217 2184 spernit
1234 2099 1399 2184 sophiam,
1415 2110 1586 2165 assectans
1604 2101 1767 2167 Christia-

633 2219 711 2262 nam
729 2197 935 2280 theologiam
953 2219 960 2274 ;

508 2313 554 2361 11.
578 2294 703 2362 Christi
720 2303 797 2376 post
820 2293 962 2376 vestigia
989 2291 1043 2356 via
1068 2294 1210 2358 tendens
1235 2293 1335 2378 regia,
1351 2313 1427 2358 cum
1453 2293 1630 2376 probasset
1653 2297 1766 2360 omnia
1871 2309 1876 2319 ·

635 2389 744 2454 tenuit
761 2391 860 2454 bona.

511 2549 557 2596 12.
583 2529 675 2612 Ergo
687 2528 895 2606 canonicam,
911 2529 1019 2593 sciens
1035 2549 1107 2594 esse
1123 2528 1355 2613 apostolicam,
1366 2527 1470 2593 vitam
1484 2528 1637 2608 instituit,
1653 2538 1686 2595 et
1701 2530 1765 2595 cle·

638 2625 781 2689 ricorum
801 2623 906 2688 forma
923 2624 993 2689 suit.

511 2741 557 2804 13.
582 2721 640 2786 Nil
657 2739 821 2880 qgraerens
833 2721 1014 2804 proprium,
1028 2741 1207 2786 commune
1220 2721 1328 2786 solum
1345 2722 1470 2788 bonum
1492 2725 1643 2789 omnium
1660 2725 1765 2810 possi·

637 2817 680 2881 de
705 2825 739 2880 at
757 2817 880 2882 Deum.

509 2968 555 3031 14.
582 2949 681 3014 Hanc
697 2969 798 3014 unam
815 2949 921 3032 petiit,
936 2949 1024 3014 hunc
1041 2949 1169 3014 sontem
1180 2951 1269 3014 vitae
1281 2971 1413 3034 semper
1426 2951 1517 3030 sitiit,
1532 2971 1600 3038 quo
1616 2961 1649 3017 et
1665 2961 1764 3038 potus

636 3045 698 3110 luit
714 3046 928 3130 Augustinus

510 3157 556 3223 15.
581 3142 645 3207 Dei
671 3141 790 3252 plenus
815 3161 929 3300 pmpre
954 3141 1094 3206 scientia
1115 3162 1190 3207 cum
1215 3141 1385 3208 Cherubin
1402 3151 1436 3208 et
1454 3142 1618 3228 Seraphin
1636 3143 1766 3229 pollens

638 3259 725 3303 nunc
742 3259 775 3302 111
792 3258 909 3321 gorra,

511 3372 558 3436 16.
583 3372 681 3436 Petat
697 3370 794 3434 nobis
810 3371 914 3434 vitam
931 3379 1113 3439 aeternam.

543 3521 558 3574 7
578 3509 625 3580 qui
638 3525 689 3580 per
700 3509 906 3580 Argentinen.1
912 3519 964 3579 520
990 3507 1100 3580 liberat,
1114 3512 1378 3582 Argentt'nen.1520
1414 3512 1562 3584 aperfidia
1580 3513 1767 3584 Argumhen.

508 3603 615 3658 c.1493,
629 3589 723 3644 donne
734 3605 789 3645 une
802 3589 910 3659 syllabe
923 3589 959 3645 de
972 3597 1037 3660 trop
1050 3600 1078 3645 et
1092 3601 1185 3663 rompt
1198 3594 1224 3649 le
1236 3595 1356 3667 rythme.
1547 3617 1551 3624 ·

736 3757 815 3830 182.
849 3753 924 3830 on
952 3736 1178 3832 sancro
1210 3759 1560 3844 FLORENTIO.

817 3917 831 3964 ¹
1444 3929 1462 3994 3

510 4014 729 4081 Sacerdotum
746 4011 960 4096 praefulgens
975 4013 1082 4097 gloria
1183 4021 1250 4086 Hic
1266 4031 1317 4088 est
1333 4024 1448 4104 nubes,
1463 4046 1533 4090 vox
1549 4027 1582 4090 in
1599 4035 1682 4106 rota,

594 4109 785 4175 Florentius
801 4109 937 4188 eximia,
1183 4115 1237 4182 hic
1253 4119 1411 4185 columna
1427 4130 1461 4186 et
1478 4121 1626 4200 immota,

814 4239 832 4284 2
1225 4225 1318 4280 stans
1334 4216 1367 4280 in
1385 4217 1512 4300 templo
1529 4218 1669 4283 Domini
1683 4239 1693 4298 ;

596 4335 700 4401 geoto
717 4343 816 4398 natus
831 4343 1021 4413 stemmate,
1185 4310 1251 4375 Hic
1269 4322 1414 4377 meretur
1429 4333 1496 4378 non
1514 4315 1664 4398 superbis

593 4429 714 4495 finibus
731 4429 884 4495 Alsatiae
1181 4409 1294 4489 gestis,
1309 4407 1394 4472 serre
1409 4409 1488 4474 solis
1504 4411 1613 4476 verbis

591 4527 712 4604 floruit,
728 4527 790 4591 sub
805 4525 958 4610 praesule
1224 4497 1369 4579 aegs⁰tl⁵
1386 4498 1543 4566 remedia·

677 4622 873 4706 Arbogasto
889 4643 896 4700 ;
1439 4631 1462 4692 4

590 4718 779 4802 Sexaginta
796 4717 931 4781 sortium
1266 4721 1437 4805 Stupescit
1452 4724 1560 4790 bestia

590 4833 710 4898 gerens
725 4833 761 4877 se
777 4813 993 4896 praecipuum
1221 4817 1264 4882 ad
1281 4817 1351 4882 eius
1368 4819 1507 4904 imperia
1521 4843 1529 4902 ;

592 4909 784 4976 Salomonis
800 4909 962 4974 stantium
1268 4913 1418 4980 Naturae
1433 4937 1513 4982 suae
1530 4919 1580 4983 ius

678 5004 754 5079 lecti
770 5014 885 5072 strato.
1222 5010 1332 5094 perdit
1348 5011 1427 5090 solis
1444 5015 1565 5084 radius.
