4108 5794
666 574 808 627 anostra
835 573 1040 627 accrasmu
1065 575 1299 628 naursruusm
1521 573 1591 645 ²33

628 770 661 816 11
1259 773 1296 820 12

401 867 520 932 Vitam
538 876 645 932 arctat
661 867 793 948 ieiunio,
820 921 824 930 .
1031 873 1203 938 Virtutum
1221 872 1328 954 fulget
1343 871 1458 950 titulis,

397 983 516 1028 somno
531 963 631 1040 brevi,
647 963 756 1030 cilicio
772 988 779 1046 ;
1028 971 1180 1034 medetur
1194 971 1301 1034 caecis
1318 969 1431 1045 oculis,

402 1057 446 1124 Se
461 1061 542 1124 dum
559 1060 705 1126 occultat
722 1061 867 1141 latebris,
1032 1065 1171 1149 Polypo,
1186 1065 1258 1144 fico,
1274 1064 1418 1142 calculis,

401 1157 527 1220 mundo
543 1155 579 1220 fit
596 1158 703 1242 magis
718 1157 866 1224 celebris.
1031 1161 1187 1241 febribus,
1204 1163 1328 1226 morbis
1343 1161 1490 1246 singulis.

945 1292 981 1356 13

775 1389 952 1452 Fidentem
971 1389 1004 1452 in
1022 1389 1152 1454 Fiacrio

774 1485 866 1548 nulla
882 1484 992 1550 laedet
1009 1487 1186 1570 corruptio,

772 1581 831 1644 Pia
847 1583 941 1645 cuius
957 1583 1092 1646 devotio

773 1686 897 1760 purgat
913 1677 956 1742 ab
972 1678 1063 1742 omni
1080 1679 1170 1744 vitio.

384 1850 592 1905 Manuscrlts.
611 1851 725 1906 Palus:
745 1853 816 1908 Bibl.
833 1855 910 1920 Nat,
924 1855 983 1924 831,
994 1854 1094 1910 Missel
1107 1855 1143 1911 de
1162 1856 1250 1926 Paris,
1259 1856 1317 1911 aive
1325 1855 1418 1922 siecle,
1439 1857 1494 1922 W‚·
1524 1872 1599 1926 1999,

346 1925 439 1995 ldem,
452 1927 489 1982 X.
520 1930 629 1986 TotJRs
644 1950 649 1985 :
664 1933 736 1986 Bibl.
748 1933 783 1988 de
794 1935 820 1988 la
835 1934 918 2005 Villa,
935 1950 991 2006 199,
1007 1936 1106 1990 Missel
1117 1935 1153 1990 de
1167 1935 1256 2007 Paris,
1268 1944 1315 1991 nve
1323 1934 1416 2006 siecle,
1434 1937 1491 1992 TO.

374 2062 423 2112 ad
454 2075 552 2132 parem
569 2060 636 2116 Ora'.
652 2061 812 2118 Tn'm'tatr's.

377 2152 422 2206 30
454 2139 596 2194 Faronam
612 2142 796 2197 Catalaunen.
812 2159 886 2215 1599.

374 2232 420 2283 40
452 2217 694 2278 IohanniKTO.

379 2297 396 2351 6
409 2301 431 2352 d
463 2309 612 2354 accusatur
626 2301 682 2357 TO.
709 2318 825 2358 accusat
838 2322 903 2359 cum
915 2307 953 2360 X.

377 2387 392 2442 7
406 2381 427 2432 d
459 2376 487 2433 in
501 2377 578 2434 sedis
592 2379 624 2450 (l)
644 2382 686 2436 W.
719 2382 825 2439 incedit
837 2385 975 2441 Redonen.

363 2471 389 2510 11
406 2461 428 2511 h
459 2475 591 2514 somnum
608 2461 792 2519 catalaunen.
807 2477 882 2535 1599.

364 2549 424 2592 120
455 2539 554 2594 calculi
574 2541 631 2596 TO.
645 2543 783 2599 Redonen.
813 2547 922 2601 calculo
935 2547 1076 2603 Parisicn.
1107 2549 1243 2606 membris
1256 2549 1374 2620 singulis
1386 2550 1422 2604 X.

390 2661 427 2715 Le
441 2669 516 2718 texte
529 2677 573 2718 est
584 2663 727 2737 identique
741 2667 812 2723 dans
827 2671 954 2726 Brracm.
982 2672 1004 2726 ll
1019 2689 1049 2728 se
1063 2682 1160 2729 trouve
1173 2690 1275 2730 encore
1288 2675 1361 2732 <lans
1378 2677 1404 2732 T
1401 2694 1486 2734 recen.
1501 2688 1529 2734 et
1541 2677 1599 2732 Sil-

345 2747 482 2799 vanecten.

544 2989 627 3064 154.
661 2969 735 3044 oa
766 2971 991 3050 saucio
1020 2975 1393 3055 cuuuuupuo.

645 3238 657 3284 1
1016 3249 1117 3313 quam
1134 3233 1308 3298 recludens
1324 3234 1444 3300 florens
1460 3244 1575 3319 partus

429 3335 517 3401 Ecce
535 3359 659 3423 magno
675 3345 838 3408 sacerdoti
1058 3327 1173 3392 florem
1191 3349 1320 3395 sacrum
1338 3333 1512 3414 germinat.

430 3433 545 3496 mundi
562 3436 671 3500 cordis
687 3448 721 3502 et
737 3440 848 3505 devoti
1274 3484 1296 3542 4

385 3523 387 3526 ’
469 3526 681 3594 immolemus
698 3532 852 3615 hostiam,

430 3621 495 3686 Die
511 3643 605 3688 sacro
621 3628 772 3694 revoluto

429 3735 496 3798 quo
511 3719 640 3784 deviae
655 3723 748 3789 volat
764 3726 835 3791 luto

1058 3586 1191 3653 Florem
1209 3590 1283 3655 t'ons
1302 3592 1514 3676 baptismatis

1058 3704 1112 3747 ros
1126 3685 1214 3768 rigat
1231 3687 1440 3754 charismatis

494 3814 539 3878 ‚t
596 3816 602 3830 .
689 3821 730 3883 t.
1056 3779 1119 3844 sub
1136 3781 1236 3846 Sixto
1251 3784 1431 3867 pontifice;

470 3835 524 3877 wa
541 3836 578 3878 ⁰¹
594 3835 626 3879 ¹⁰
644 3837 687 3900 pa
705 3841 796 3888 Μ’
1016 3874 1088 3940 Sub
1103 3878 1239 3944 caelesti
1256 3882 1433 3965 disciplina

644 3955 661 4002 ²
1015 3971 1095 4037 dote
1112 3994 1242 4041 morum
1259 3987 1292 4042 et
1309 3980 1461 4044 doctrina

427 4051 549 4118 Servus
567 4059 713 4138 prudens
731 4063 763 4126 in
781 4065 925 4144 talentis,
1061 4069 1198 4136 dotatur
1214 4073 1360 4142 mirifice.

425 4149 520 4213 miles
537 4151 631 4216 sortis
649 4156 680 4217 in
701 4162 885 4238 tormentis,
1013 4163 1120 4229 Aetas
1136 4175 1250 4252 stupet
1266 4191 1396 4236 morum
1413 4173 1535 4256 pignus
1550 4195 1557 4254 ;

468 4245 548 4310 bino
564 4251 691 4330 gaudet
707 4258 856 4336 praemio
873 4280 880 4336 ;
1011 4281 1125 4326 sacrae
1141 4266 1212 4330 sedi
1228 4270 1329 4333 servit
1345 4271 1467 4353 dignus

428 4339 521 4406 Servi
538 4349 641 4426 patris
658 4359 787 4430 patrem
806 4352 944 4421 laudent
1055 4379 1170 4426 sacrae
1185 4365 1274 4428 sedis
1290 4367 1394 4449 apice.

361 4438 363 4444 '
425 4437 481 4518 qui
499 4443 629 4520 patroni
649 4447 733 4510 tanti
750 4449 899 4530 gaudent
1276 4509 1291 4574 5

468 4531 545 4599 laetr
562 4547 759 4619 patrocimo.
1013 4605 1054 4670 1„
1071 4619 1242 4691 pastorem
1259 4614 1468 4694 sublimatur,

643 4685 659 4748 3
1012 4702 1195 4787 delegatur,
1211 4721 1369 4792 operatur

341 4779 437 4845 Felix
452 4793 547 4865 pater
564 4786 757 4874 Gendulphi
770 4797 903 4876 genitus
1057 4800 1200 4868 salutem
1218 4805 1251 4868 in
1267 4808 1435 4890 gentibus,

339 4873 372 4937 in
391 4875 480 4942 Adia
498 4879 640 4948 secunda
657 4887 795 4953 caelitus
1016 4893 1150 4963 Christo
1166 4901 1265 4966 simul
1282 4913 1443 4985 operante

467 4995 580 5041 semen
598 4981 688 5046 vitae
704 4988 847 5051 seminat
864 5011 871 5067 ;
1015 4999 1049 5054 et
1065 5013 1253 5060 sermonem
1270 4996 1490 5065 confirmante

417 5069 568 5138 Marcent
581 5075 717 5143 clausae
735 5085 848 5148 matris
861 5097 965 5168 artus,
1059 5091 1163 5174 signis
1180 5096 1471 5186 consequentibus,
