4108 5794
625 515 767 568 PROSAE
794 516 998 569 ECCLESIAE
1025 517 1366 570 CAT11AL.tVNENSIS
1560 520 1578 569 2
1585 517 1625 590 51

633 779 711 849 166.
745 773 819 847 DE
850 772 1107 848 OMNIBVS
1136 771 1387 848 SANCTIS.

398 1027 422 1074 1.
448 1009 573 1077 Sancta
592 1012 656 1076 Dei
674 1012 794 1090 Mater,
811 1012 904 1094 virgo
920 1013 1075 1094 benigna,
1094 1012 1210 1088 Maria,

395 1167 421 1214 2.
445 1151 497 1215 Tu
514 1173 576 1215 nos
593 1153 731 1216 miseros
747 1153 878 1228 adiuva,
894 1161 996 1234 atque
1013 1151 1136 1217 Christi
1153 1151 1295 1234 gratiam
1314 1151 1409 1216 nobis
1431 1153 1581 1235 impetra,

395 1264 421 1328 3.
445 1247 541 1332 Quae
558 1269 619 1313 nos
636 1258 692 1312 tua
710 1269 768 1332 per
785 1249 903 1312 merita
919 1249 1067 1312 devitare
1084 1247 1184 1312 faciat
1201 1257 1321 1312 cuncta
1337 1249 1485 1312 crimina.

379 1389 420 1466 ’4.
444 1387 548 1452 Beate
565 1388 721 1465 Michael,
737 1399 772 1452 tu
789 1409 850 1471 pro
867 1387 964 1451 nobis
980 1387 1192 1481 maiestatem
1215 1389 1349 1470 superni
1377 1388 1479 1470 Regis
1497 1389 1626 1468 invoca,

394 1497 420 1566 5.
444 1485 490 1551 Et
513 1486 624 1568 cuncti
655 1485 799 1548 caelibes
825 1484 923 1549 simul
949 1485 1046 1562 cives,
1073 1485 1308 1550 commendate
1335 1504 1396 1548 nos
1426 1485 1500 1550 Deo
1530 1506 1627 1568 prece

378 1581 382 1589 '
500 1581 624 1646 sedula.
1215 1591 1219 1605 ’

377 1721 420 1791 ¹6.
444 1721 475 1786 Ο
494 1721 671 1800 Iohannes,
695 1720 818 1786 Christi
834 1691 1069 1804 baptistapro
1086 1721 1181 1785 nobis
1198 1721 1344 1804 indignis
1361 1721 1482 1803 iugiter
1504 1741 1583 1800 ora;

390 1832 418 1897 7.
444 1817 489 1882 Et
505 1827 551 1894 tu,
566 1827 681 1882 sancte
695 1819 801 1897 Petre,
811 1817 950 1900 dignare
966 1825 1087 1890 cuncta
1108 1817 1316 1900 disrumpere
1343 1826 1457 1880 nostra
1482 1815 1623 1880 vincula.

374 1957 418 2019 ’8.
442 1955 571 2021 Omnes
589 1955 728 2020 Domini
745 1955 912 2038 Apostoli,
929 1955 1048 2019 solvite
1063 1955 1187 2019 delicta
1204 1965 1326 2034 nostra,

389 2069 418 2133 9.
443 2051 531 2135 Quia
548 2053 643 2117 vobis
658 2063 709 2117 est
725 2073 745 2115 a
762 2051 913 2116 Domino
928 2061 1078 2135 potestas
1093 2051 1135 2116 ad
1153 2051 1216 2114 hoc
1232 2071 1402 2115 concessa.

373 2210 416 2258 10.
443 2191 552 2268 Nunc,
568 2192 674 2256 sancti
692 2203 864 2274 martyreS,
880 2191 936 2275 qui
954 2202 1062 2254 vestra
1079 2191 1263 2255 tradidistis
1279 2169 1429 2273 corpora,

373 2306 417 2352 11.
443 2288 506 2352 Pro
524 2288 647 2354 Christi
664 2289 801 2352 nomine
817 2288 966 2365 libenter,
980 2287 1084 2351 multa
1101 2287 1143 2350 ad
1161 2287 1335 2370 supplicia,
1377 2361 1380 2366 Ι

369 2445 417 2493 12.
441 2427 512 2492 Vos
538 2447 681 2510 quoque,
707 2425 913 2492 confessores
941 2425 1074 2504 Christi,
1101 2437 1134 2491 et
1161 2427 1360 2505 sacerdotes,
1387 2426 1621 2510 virginumque

496 2533 687 2588 sanctarum
705 2535 816 2590 turma
835 2523 1014 2607 praeclara,

371 2637 415 2701 13.
442 2621 626 2685 Precamini
653 2639 715 2703 pro
739 2621 845 2698 nobis,
859 2641 899 2684 ne
910 2641 971 2684 nos
983 2620 1122 2684 seducat
1138 2619 1254 2697 hostis,
1270 2638 1378 2704 neque
1400 2639 1486 2682 vana
1505 2617 1620 2702 gloria,

496 2737 556 2781 nec
574 2717 645 2781 laus
664 2717 821 2782 humana.

370 2875 414 2936 14.
440 2856 568 2922 Omnes
584 2856 691 2919 sancti
709 2855 783 2932 Dei,
799 2855 900 2920 verba
916 2876 977 2938 pro
994 2855 1090 2919 nobis
1107 2854 1189 2919 ferte
1206 2855 1271 2938 pia,

369 2968 413 3034 15.
440 2954 572 3035 Rogate
590 2952 785 3029 Dominum,
798 2961 833 3015 ut
850 2961 964 3015 nostra
980 2951 1091 3015 deleat
1107 2951 1255 3028 crimina,

369 3095 414 3157 16.
440 3093 488 3157 Ut
506 3114 567 3156 nos
582 3093 724 3156 evadere
740 3092 841 3156 saciat
858 3091 982 3154 inimici
999 3091 1158 3155 scandala
1174 3101 1207 3155 et
1228 3089 1346 3154 inferni
1363 3090 1517 3165 claustra,

368 3205 413 3268 17.
438 3190 510 3252 Nos
537 3199 639 3272 atque
666 3209 725 3272 per
748 3208 843 3252 suam
870 3186 1012 3251 collocet
1027 3188 1186 3270 pietatem
1205 3187 1352 3269 requiem
1369 3185 1487 3249 saltem
1506 3185 1537 3248 in
1560 3185 1618 3248 ali·

492 3305 593 3369 quam
609 3307 616 3363 ;

368 3429 413 3490 18.
438 3427 487 3492 Ut
504 3427 607 3519 libeat
623 3447 684 3489 nos
701 3427 830 3490 dicere:
846 3431 862 3458 ‘⁴
878 3426 1007 3503 Honor,
1024 3425 1095 3489 laus
1112 3436 1145 3489 et
1162 3426 1268 3508 gloria

367 3541 411 3611 19.
437 3524 563 3588 Sancta
579 3523 655 3587 Tibi
673 3523 716 3586 sit
733 3523 890 3615 Trinitas,
906 3543 965 3606 per
980 3533 1116 3587 aeterna
1131 3523 1273 3588 saecula.
1288 3523 1305 3549 ''

363 3679 411 3726 20.
437 3662 548 3727 Amen
566 3663 680 3728 dicant
697 3661 795 3727 simul
813 3673 941 3728 cuncta.

397 3911 590 3962 Manuscrit.
614 3908 727 3962 PnRts:
747 3889 820 3962 Bill.
834 3907 870 3962 de
883 3907 1031 3976 l'Arsenal,
1043 3919 1103 3976 595,
1122 3897 1221 3960 Missel
1235 3915 1262 3959 et
1274 3905 1411 3974 Vesperal
1428 3904 1464 3959 de
1479 3903 1617 3958 Chilone-

361 3985 601 4056 sur-Marne,xiv‘
614 3985 707 4056 siecle,
725 3987 755 4042 T.
784 4061 797 4069 .,
1691 3995 1693 4003 ’

361 4181 363 4188 ,
397 4133 436 4187 Le
457 4131 522 4190 titre
544 4133 580 4188 de
602 4143 677 4188 cette
702 4135 789 4188 Prose
811 4134 884 4188 dans
902 4134 927 4188 le
950 4133 1108 4188 Manuscrit
1132 4132 1168 4186 de
1182 4131 1318 4186 l'Arsenal
1343 4140 1404 4186 est:
1425 4131 1469 4184 De
1483 4132 1620 4185 Omnibus

360 4213 474 4267 Saturis
484 4213 553 4267 etde
566 4214 670 4268 Sancto
683 4215 710 4267 Α
714 4213 793 4284 lpr'no
805 4215 967 4284 Sequentia

395 4395 411 4448 3
430 4389 533 4436 cuncta
545 4368 631 4438 noxia
643 4382 670 4434 A
674 4382 805 4436 trabaten.

397 4474 409 4528 5
432 4461 477 4514 Ne
490 4459 645 4516 faudrait-il
659 4477 711 4532 pas
724 4461 848 4531 corriger
861 4479 867 4516 :
881 4462 1018 4519 caelites?

394 4540 410 4593 8
430 4550 528 4594 nostra
540 4539 644 4596 delicta
659 4541 846 4596 Catalaunen.

381 4633 412 4672 10
430 4619 496 4690 quia
509 4619 672 4676 Atrebaten.

380 4713 407 4752 11
429 4699 466 4754 ad
479 4699 568 4754 multa
580 4700 721 4771 supplicia
733 4700 898 4757 Atrebatem

379 4793 410 4832 12
430 4788 457 4834 et
470 4789 634 4835 sanctarum
648 4781 835 4838 Catalauneru

380 4859 411 4912 16
430 4860 467 4914 Et
480 4875 533 4914 nos
546 4860 709 4915 Atrebaten.

378 4951 410 5004 17
429 4937 459 4993 in
471 4938 597 5011 aliquem
611 4940 645 5010 (t)
662 4939 694 4998 Τ.
