4094 5796
781 509 922 556 tutosnt:
951 510 1153 559 ltt‘ctttstnt'
1180 507 1399 558 velletrensis

797 709 849 758 11.
893 685 966 756 DE
992 685 1369 760 lllARTYRlBVS.

770 829 781 873 1

539 930 622 1010 Regi
641 946 755 1007 regum
775 935 887 988 mente
898 927 1032 1002 munda,

538 1030 618 1090 dum
632 1025 694 1086 hac
711 1023 766 1084 die
783 1021 818 1084 fit
836 1021 978 1084 iocunda

581 1137 766 1201 martyrum
784 1118 953 1194 memoria,

538 1217 635 1280 Plebs
652 1213 758 1277 fidelis
775 1222 869 1294 grata
880 1223 958 1275 vota

534 1321 689 1396 prompte
706 1311 832 1386 reddat,
849 1319 881 1370 et
898 1309 1019 1371 devota

579 1409 735 1470 concinat
751 1405 938 1488 praeconia.

777 1538 794 1582 2

538 1637 583 1700 Hi
601 1634 748 1698 athletae
766 1632 896 1697 Summi
916 1633 1027 1714 Regis,

534 1744 670 1818 propter
687 1734 793 1796 zelum
811 1754 924 1796 sacrae
941 1735 1032 1816 legis,

578 1830 647 1894 dati
660 1829 700 1892 ad
713 1827 885 1910 supplicia,

535 1927 717 2007 Nunquam
736 1923 823 1986 flecti
841 1933 1030 2004 potuerunt,

535 2023 593 2085 sed
606 2041 667 2104 pro
683 2017 748 2082 fide
765 2029 1009 2100 pugnaverunt,

577 2137 652 2180 curn
671 2116 754 2178 mira
770 2115 968 2179 constantia.
1060 2183 1065 2199 ⁴

777 2245 797 2308 3.

558 2351 597 2414 In
615 2369 724 2432 agone
740 2348 923 2426 constituti,

554 2445 616 2509 diri
634 2443 741 2507 hostis
758 2452 790 2506 et
807 2445 929 2506 versuti

598 2547 794 2620 contempta
810 2539 958 2616 saevitia,

554 2637 714 2700 Virtuose
730 2635 941 2698 decertarunt

554 2740 655 2812 atque
668 2731 1074 2813 demumtriumpharunt,

599 2827 663 2890 Dei
681 2825 755 2889 sulti
772 2827 888 2907 gratia.

1396 835 1417 894 4

1167 929 1305 1012 Quanto
1321 951 1399 992 vero
1416 930 1489 1010 plus
1500 933 1638 1013 urgebat

1164 1037 1197 1086 ct
1215 1027 1247 1086 in
1265 1045 1322 1087 cos
1339 1025 1508 1087 saeviebat

1210 1121 1316 1184 rabies
1334 1123 1518 1202 tyrannica,

1166 1217 1278 1280 Tanto
1295 1230 1388 1280 erant
1406 1217 1561 1281 laetiores

1161 1323 1194 1374 et
1212 1315 1253 1376 ad
1272 1333 1419 1395 pugnam
1438 1313 1660 1394 promptiores

1212 1430 1272 1491 pro
1285 1409 1548 1475 fideCatholica.

1401 1543 1415 1606 5

1165 1637 1313 1715 Ferrum,
1324 1641 1446 1720 ignem,
1463 1650 1495 1702 et
1512 1651 1664 1719 tortores,

1165 1753 1291 1814 poenas
1308 1754 1458 1816 quasque
1475 1757 1512 1797 ac
1529 1749 1671 1800 terrores

1207 1839 1404 1910 reputarunt
1422 1831 1516 1908 levia,

1165 1925 1214 1990 Ut
1231 1935 1307 2007 post
1324 1937 1466 1988 mortem
1484 1928 1691 2009 corporalem

1164 2023 1225 2085 sibi
1244 2023 1346 2085 vitam
1365 2024 1568 2086 aeternalem

1209 2128 1406 2200 quaererent
1423 2119 1455 2182 in
1480 2121 1597 2201 patria.

1395 2231 1416 2294 6

1166 2351 1242 2413 Rex
1259 2361 1401 2428 aeterne,
1418 2353 1472 2433 qui
1490 2353 1646 2416 virtutem

1163 2445 1309 2508 tribuisti
1326 2455 1359 2508 et
1373 2446 1513 2510 salutem

1210 2541 1262 2603 his
1279 2543 1403 2603 sanctis
1425 2543 1637 2624 martyribus,

1162 2638 1396 2719 Sempiternae
1412 2638 1500 2700 vitae
1516 2639 1606 2700 dona

1163 2743 1240 2813 post
1256 2752 1411 2794 occasum
1430 2733 1526 2794 nobis
1542 2733 1643 2808 dona,

1207 2829 1286 2910 ipsis
1302 2827 1572 2908 suifragantibus.

763 2983 815 3030 12.
859 2958 933 3032 DE
961 2953 1435 3033 CONFESSORIBVS.

773 3101 785 3147 1

511 3195 655 3260 Gloriosi
671 3194 872 3258 confessoris

507 3291 731 3373 dignalaudis
744 3301 777 3355 et
794 3293 929 3354 honoris

549 3388 680 3470 agimus
697 3387 881 3451 sollemnia.

508 3486 575 3550 Hic
591 3487 624 3548 in
636 3486 731 3548 terris
744 3485 948 3548 constitutus

508 3583 638 3648 Summi
657 3583 762 3666 Regis
778 3593 828 3646 est
840 3591 973 3645 secutus

550 3679 650 3743 beata
660 3680 810 3762 vestigia.

771 3808 787 3852 2

508 3893 673 3976 Simplex,
686 3894 785 3970 mitis,
803 3903 903 3975 atque
920 3903 1042 3970 castus,

506 3992 631 4074 sprevit
648 4013 782 4074 prorsus
800 3993 916 4054 mundi
934 3992 1039 4054 fastus

549 4096 582 4148 et
599 4085 707 4148 inanis
719 4085 854 4168 gloriae.

506 4181 628 4245 Nullus
645 4182 742 4244 dolus
759 4191 809 4244 est
826 4183 981 4245 inventus
1044 4231 1047 4239 .

505 4279 537 4340 in
555 4278 685 4354 eodem,
702 4298 810 4359 neque
827 4287 946 4341 ventus

548 4374 762 4435 damnandae
780 4372 965 4454 superbiae.

1395 3103 1411 3164 3

1142 3198 1209 3262 Hic
1225 3197 1356 3279 placere
1371 3198 1445 3260 Deo
1461 3200 1600 3260 studens

1138 3295 1276 3356 domum
1294 3315 1399 3369 suam,
1420 3303 1456 3355 ut
1473 3294 1522 3355 vir
1546 3294 1702 3374 prudens,

1182 3409 1282 3470 supra
1300 3399 1429 3469 petram
1447 3389 1574 3451 statuit.

1143 3485 1213 3548 Sua
1229 3485 1364 3566 quidem
1383 3484 1547 3564 indigenti

1139 3583 1228 3644 vitae
1245 3583 1368 3644 victum
1386 3583 1559 3663 expetenti

1182 3677 1274 3758 larga
1286 3697 1386 3739 manu
1403 3677 1526 3739 tribuit.

1137 3893 1204 3956 Hic
1215 3891 1350 3955 talentis
1362 3810 1423 3953 silli
1442 3892 1530 3953 datis

1137 3989 1307 4069 sapienter
1322 3987 1502 4068 duplicatis

1143 4135 1145 4141 ,
1179 4083 1263 4146 felici
1281 4086 1493 4157 commercio,

1137 4180 1212 4242 Deo
1228 4189 1343 4261 gratus
1360 4191 1392 4242 et
1410 4187 1567 4260 acceptus

1133 4277 1234 4356 digne
1246 4277 1383 4339 tandem
1395 4285 1446 4338 est
1457 4285 1610 4355 receptus

1177 4373 1209 4434 in
1221 4371 1303 4434 caeli
1322 4373 1457 4454 palatio.

853 4555 1158 4621 Oconiessorlesu
1178 4555 1311 4630 Christi,

849 4645 907 4725 qui
925 4644 1033 4706 eidem
1051 4641 1204 4723 placuisti

894 4752 952 4813 per
970 4731 1130 4792 virtutum
1154 4751 1265 4812 opera,

850 4819 907 4881 Ab
924 4827 1059 4880 aeterna
1076 4817 1212 4880 demum
1231 4839 1312 4881 nece

851 4905 981 4968 liberati
999 4914 1057 4967 tua
1077 4925 1174 4986 prece

896 4992 1040 5056 feramur
1056 4993 1096 5054 ad
1115 4992 1260 5056 aethera.
