4102 5790
619 572 762 625 PROSAE
788 573 993 625 ECCLESIAE
1019 572 1276 625 LINGONENSIS
1500 573 1567 647 125

574 772 631 847 79.
664 752 740 826 DE
770 749 995 828 SANCTO
1024 751 1296 828 GATIANO.

617 973 630 1020 1
1244 973 1263 1020 2

377 1071 485 1146 Dona,
501 1069 603 1132 decus
619 1067 855 1150 praelatorum,
1008 1069 1219 1152 Reprobator
1235 1069 1410 1149 idolomm,

440 1185 558 1249 pacem
576 1165 610 1227 in
627 1163 800 1242 Ecclesia;
1071 1165 1222 1248 effugans
1239 1165 1427 1245 daemonia,

376 1261 457 1325 Tiro
473 1261 567 1324 fortis
585 1261 809 1340 Turonorum,
1006 1262 1226 1326 Restaurator
1242 1265 1458 1346 perditorum,

440 1375 544 1441 agens
561 1357 735 1439 tirocinia;
1049 1357 1163 1441 probis
1180 1369 1354 1441 praestans
1370 1362 1535 1443 praemia;

681 1549 835 1627 Gatiane,
851 1569 912 1613 nos
927 1549 1095 1614 caelorum

746 1645 832 1729 Regi
850 1645 1036 1724 reconcilia,

680 1741 747 1826 Qui
764 1742 821 1806 det
837 1742 934 1806 nobis
951 1742 984 1805 in
1001 1751 1192 1807 sanctorum

745 1849 843 1902 coetu
859 1837 941 1902 caeli
958 1840 1090 1921 gaudia.

349 2008 558 2058 Manuscrtts.
574 2003 683 2057 Touns
696 2020 701 2056 :
716 2000 789 2056 Bibl.
801 2000 874 2056 dela
885 2000 968 2070 Ville,
985 1999 1042 2070 186,
1053 2001 1153 2055 Missel
1166 2000 1202 2056 de
1212 2002 1313 2071 Tours,
1325 2010 1373 2057 nve
1385 2003 1479 2074 siecle,
1499 2005 1571 2071 TA,-

319 2083 478 2152 191‚1dem,
495 2083 563 2148 TD,·
588 2097 645 2151 194,
661 2081 751 2151 Idem,
768 2080 829 2136 TE.

347 2177 393 2231 30
424 2163 465 2218 Ut
478 2163 527 2218 det
544 2163 571 2216 T
568 2163 605 2218 D.

575 2379 631 2450 8'0.
664 2375 740 2450 DE
770 2373 996 2450 SANCTO
1025 2373 1298 2450 GATIANO.

340 2599 363 2648 1.
387 2581 502 2646 Sancti
520 2581 657 2646 Gatiani
673 2579 787 2644 laudes
802 2581 958 2644 intonant
977 2577 1169 2645 Christiani.

335 2693 361 2741 2.
387 2677 456 2741 Iste
473 2678 582 2761 primo
598 2678 813 2741 Turonenses
829 2676 1008 2740 Altissimo
1025 2674 1140 2739 fideles
1159 2675 1377 2740 reconciliavit
1384 2686 1570 2758 peccatores.

336 2789 361 2854 3.
387 2773 522 2838 Praesul
551 2773 613 2838 iuit
640 2773 805 2838 castitatis
821 2782 854 2836 et
879 2773 998 2836 doctor
1013 2771 1183 2851 veritatis;
1199 2791 1287 2836 nunc
1315 2773 1347 2836 in
1371 2772 1571 2838 caelestibus

442 2880 558 2952 regnat
573 2870 679 2932 vivus.

334 2983 362 3044 4
387 2967 568 3030 Restaurat
584 2966 716 3048 perdita
732 2963 821 3027 hunc
837 2963 988 3047 poscenti
1006 2963 1041 3025 in
1057 2962 1122 3027 veie.

319 3141 323 3150 .
337 3075 361 3140 5.
386 3060 521 3126 Gaudet
534 3072 567 3125 et
584 3071 702 3144 regnat
718 3061 751 3124 in
769 3059 879 3136 caelis,
894 3069 926 3123 et
934 3059 1080 3141 gloriam
1093 3059 1184 3123 videt
1201 3060 1406 3142 resurgentis.

334 3159 362 3222 6.
385 3157 542 3222 Adorant
560 3157 673 3222 fideles
689 3175 809 3239 corpus
825 3157 897 3219 eius
912 3165 944 3218 et
958 3166 1068 3220 vestes.

335 3269 362 3332 7.
387 3253 473 3319 Cum
491 3253 625 3318 Christo
640 3273 771 3334 parvus,
788 3272 910 3328 revera,
926 3251 1074 3333 perrexit
1091 3251 1153 3314 iste
1169 3251 1203 3315 in
1223 3250 1382 3316 Galilaea.

336 3351 362 3416 8.
386 3349 539 3426 Gatiane,
554 3359 591 3413 tu
608 3369 670 3413 nos
687 3347 776 3427 audi,
791 3349 921 3432 primus
938 3347 1136 3430 praedicasti
1153 3349 1210 3430 qui
1227 3347 1440 3412 Turonorum
1456 3349 1571 3414 turbae

432 3445 562 3527 fallaci.

334 3559 363 3624 9.
387 3542 543 3606 Precibus
560 3542 654 3606 cuius
670 3541 817 3604 concede
834 3539 1037 3624 paradisum,
1054 3538 1196 3618 Christe,
1211 3547 1245 3603 et
1261 3539 1367 3604 victor
1384 3540 1479 3606 nobis
1500 3541 1573 3605 Rex

443 3657 601 3703 miserere.

334 3809 560 3939 8Mapuscsszs.
576 3804 685 3858 Totins
699 3821 705 3857 ι
720 3802 793 3856 Bibl.
807 3802 884 3857 dela
897 3801 980 3871 Ville,
993 3799 1051 3869 187,
1062 3799 1162 3855 Missel
1176 3801 1212 3855 de
1225 3802 1326 3870 Toum,
1339 3807 1386 3855 nre
1399 3799 1493 3872 sidcle,
1506 3802 1572 3868 TB,·

319 3897 328 3938 1
350 3887 399 3955 8‚1
424 3901 479 3954 em,
538 3917 553 3938 =.

553 4075 611 4148 81.
643 4073 718 4146 DE
749 4070 974 4146 SANCTO
1003 4070 1324 4146 STEPHANO.

339 4291 361 4338 1.
388 4273 534 4358 Magnus
552 4275 646 4338 Deus
662 4275 695 4337 in
713 4275 868 4338 universa
884 4284 993 4353 terra;

336 4423 363 4472 2.
387 4407 514 4490 Magna
530 4417 608 4471 sunt
625 4407 709 4470 Eius
726 4407 849 4490 ubique
865 4408 980 4472 omnia
997 4408 1029 4470 in
1052 4407 1145 4471 caelo
1165 4416 1266 4489 atque
1287 4407 1319 4470 in
1342 4417 1428 4472 terra
1448 4429 1571 4491 opera;

337 4519 363 4584 3.
387 4502 454 4586 Qui
471 4514 522 4568 est
541 4503 621 4567 Re'x
641 4523 768 4587 regum,
788 4503 957 4567 Dominus
980 4503 1142 4582 omnium,
1163 4524 1182 4566 a
1211 4505 1308 4567 Patre
1333 4505 1467 4585 genitus
1492 4515 1571 4569 ante

442 4599 575 4664 saecula
588 4621 596 4680 ;

335 4749 364 4810 4
389 4730 492 4796 Cuius
507 4731 629 4796 caritas
645 4751 722 4796 vera
738 4730 831 4795 caelo
847 4731 1000 4796 sublevat
1017 4729 1229 4815 Stephanum
1246 4731 1289 4796 de
1304 4740 1400 4808 terra,

338 4840 364 4907 5.
387 4827 504 4911 Atque
520 4827 658 4912 perenni
675 4829 744 4892 vita
760 4837 858 4892 ornat
874 4827 1019 4892 candida
1035 4813 1215 4912 dignante'r
1230 4847 1362 4892 corona.

336 4960 365 5026 6.
388 4960 510 5024 Plenus
526 4961 650 5025 etenim
670 4959 862 5043 Stephanus
881 4959 1017 5025 Deitate
1033 4970 1135 5044 atque
1150 4960 1267 5043 gratia,

338 5078 366 5145 7.
389 5065 517 5148 Magna
533 5065 637 5130 dabat
652 5065 815 5149 prodigia,
831 5066 955 5129 doeens
973 5066 1144 5129 verissima
1161 5067 1331 5147 dogmata.
