4096 5794
592 519 733 572 exosas
762 518 963 569 scenssma
991 516 1238 568 cartomensis
1480 513 1549 584 513

601 707 615 774 5

969 689 1061 773 Ignis
1078 691 1148 754 eius
1164 689 1345 771 hospitium

338 799 449 862 Annis
465 795 539 877 plus
555 812 656 876 quarn
673 790 726 853 hic
742 787 880 870 triginta
968 788 1207 850 transcendens
1224 785 1286 849 lert
1304 784 1349 846 nil
1367 785 1506 846 noxium

340 892 530 978 praesulatu
547 889 666 952 sedens
682 894 802 948 cuncta

383 987 446 1050 fide
464 986 595 1070 plebem
612 983 726 1048 docuit
742 1003 749 1059 ;

340 1086 453 1148 Vitam
471 1092 603 1147 arctans
619 1080 752 1154 ieiuni0,

340 1200 460 1244 somno
475 1179 576 1256 brevi,
592 1177 710 1250 cilici0,

382 1277 490 1341 carnis
508 1283 619 1338 motus
634 1271 775 1336 domuit.

344 1459 499 1524 Tunicali
516 1371 718 1521 veste6tanta

344 1557 490 1630 aestatis,
505 1554 645 1616 hiberno
661 1559 788 1634 quanta

388 1663 539 1732 tempore
555 1648 752 1730 contegitur,

349 1749 466 1812 laccns
481 1757 605 1809 stratus
622 1745 654 1806 in
671 1744 780 1805 cinere

347 1843 483 1918 eiulans,
498 1860 597 1904 orans
613 1858 746 1921 gernere

390 1938 505 2000 crebro
523 1956 587 1999 non
605 1934 795 2015 ambigitur.

350 2130 406 2196 Sal
423 2131 577 2210 legumen
595 2146 655 2189 nec
672 2125 875 2188 frumentum

348 2237 489 2301 acetum,
505 2241 676 2305 nunquam
693 2219 878 2283 lomentum

393 2341 453 2383 nec
469 2319 580 2382 oleum
596 2315 761 2398 praebuit,

355 2418 452 2500 luges
468 2417 538 2478 eius
553 2414 636 2476 cinis
654 2412 741 2474 lotus

353 2535 426 2577 cum
444 2512 571 2575 hordeo
587 2509 679 2572 latex
698 2515 806 2589 potuS,

396 2609 485 2673 aliud
503 2607 548 2670 nil
564 2605 654 2669 aluit.

356 2801 411 2868 Ob
428 2800 588 2862 honorem
606 2796 659 2858 hic
675 2794 826 2857 divinum

356 2897 406 2962 bis
422 2897 455 2960 in
473 2914 562 2960 anno
578 2893 662 2956 solet
678 2891 793 2954 vinum

397 3012 483 3076 aqua
501 2991 645 3053 mixtum
662 3006 813 3063 sumere;

357 3091 467 3172 Digne
484 3086 589 3150 sancti
606 3084 717 3165 glossa
734 3099 842 3144 mores

356 3185 515 3248 virtutum
532 3180 637 3261 signa,
653 3175 823 3260 squalores

400 3298 465 3342 non
482 3275 618 3340 valescit
634 3292 793 3357 promere.

360 3471 460 3536 Orbis
477 3469 558 3532 fines
575 3464 730 3528 illustrari

360 3569 442 3631 mira
459 3587 516 3648 per
532 3565 620 3626 hunc
634 3561 763 3643 operari

404 3663 468 3726 Dei
484 3662 587 3726 virtus
603 3656 728 3732 voluit;

363 3757 597 3840 Refulgentem
615 3749 782 3816 miraculis

362 3871 564 3927 veneremur,
579 3871 598 3912 a
614 3846 754 3911 vinculis

405 3951 462 4034 qui
478 3948 632 4013 detentos
648 3943 750 4006 exuit.

618 4059 656 4106 10

369 4135 545 4204 Exanimis
561 4129 713 4195 redivivit

366 4254 456 4318 puer,
472 4239 595 4315 pontus
611 4225 759 4290 obedivit

409 4349 466 4412 per
481 4325 592 4391 oleum
609 4323 743 4384 sedatus
757 4341 764 4395 ;

360 4426 501 4489 Norunt
516 4437 617 4502 opem
634 4425 667 4479 et
684 4415 838 4476 Britones

364 4522 443 4585 dum
460 4517 536 4582 Alle
551 4529 709 4596 promens
725 4507 879 4573 Saxones

410 4615 503 4697 lugat
518 4610 588 4673 luia
604 4605 761 4690 prolatus.

622 4721 655 4766 11

371 4795 499 4881 Sepulti
516 4794 553 4858 fit
570 4813 627 4875 per
643 4788 810 4871 sepultum

372 4893 528 4976 suffragio
545 4887 651 4953 sancti
669 4883 789 4948 fultum

458 4985 593 5053 caelesti
611 4981 695 5045 solio

396 5159 410 5192 B

1013 883 1071 945 sed
1089 882 1226 944 caeteris
1246 881 1342 945 ustio.

1222 995 1258 1040 12

969 1074 1124 1139 Stramen
1141 1074 1249 1156 aegris
1266 1073 1461 1155 appositum

970 1170 1111 1232 salutem
1128 1170 1187 1232 dat
1204 1168 1416 1251 suppositum

1012 1265 1174 1348 praesulis
1191 1267 1223 1327 in
1241 1264 1385 1342 lectulo;

973 1363 1005 1426 A
1022 1362 1153 1426 tumulo
1169 1362 1347 1425 suscitatus

974 1461 1061 1522 hunc
1078 1458 1255 1521 defunctus
1272 1467 1321 1520 est
1338 1456 1458 1520 affatus

1018 1565 1129 1617 stante
1145 1553 1275 1636 praesul
1293 1553 1427 1636 populo.

1228 1666 1264 1728 13

978 1748 1086 1811 Plebis
1103 1757 1229 1810 resecat
1245 1767 1371 1811 errores

975 1845 1178 1906 daemonum
1196 1843 1289 1906 cuius
1305 1853 1445 1906 terrores
1530 1901 1531 1906 ,

1017 1940 1177 2003 recedunt
1194 1939 1317 2001 intuitu
1332 1960 1340 2016 ;

981 2037 1147 2099 Invitatus
1165 2033 1208 2096 ad
1232 2035 1409 2098 transitum

975 2132 1043 2194 suis
1059 2130 1190 2193 detexit
1207 2130 1337 2192 obitum

1020 2235 1136 2290 sancto
1153 2225 1269 2306 plenus
1286 2225 1412 2307 spiritu.

1234 2340 1271 2399 ¹4

981 2417 1053 2483 Sub
1069 2417 1189 2481 feretro
1205 2415 1285 2480 dum
1308 2416 1472 2480 recumbit

980 2514 1113 2590 semina,
1129 2524 1264 2577 sanctus
1281 2513 1428 2577 retundit
1528 2545 1532 2552 -

981 2608 1161 2693 paralysim
1178 2617 1211 2671 et
1228 2608 1372 2672 refundit

1028 2705 1175 2787 corporis
1192 2705 1390 2786 sospitatem
1406 2726 1413 2782 ;
1454 2719 1455 2723 ’

985 2803 1188 2868 Consolatur
1203 2802 1257 2865 hic
1274 2812 1412 2886 egentes

986 2897 1187 2980 suffragatur
1205 2896 1429 2974 vehementes,

987 3003 1134 3057 moestos
1150 2991 1250 3056 efficit
1265 2993 1452 3074 gaudentes

1030 3110 1089 3171 per
1104 3090 1154 3151 sui
1173 3088 1371 3171 largitatem.

1239 3198 1275 3264 ¹5

986 3281 1069 3348 Orbi
1085 3281 1209 3359 vident,
1226 3281 1310 3344 muti
1328 3280 1439 3344 fantur

986 3377 1113 3442 claudis
1129 3395 1261 3458 gressus
1276 3374 1469 3450 solidantur,

986 3474 1093 3536 surdis
1110 3491 1206 3535 aures
1223 3478 1419 3546 reserantur,

1030 3578 1168 3634 cunctos
1184 3587 1248 3649 ope
1264 3567 1383 3630 ditavit
1399 3589 1405 3641 ;

990 3656 1122 3720 Praesul
1140 3663 1291 3718 sanctam
1309 3653 1408 3717 morti
1425 3654 1525 3716 datus

989 3753 1137 3816 versellis
1158 3750 1269 3814 aulam
1289 3749 1423 3813 dolatus

991 3847 1118 3930 angelis
1135 3846 1216 3908 lucis
1233 3845 1375 3909 vallatus

1033 3953 1167 4026 pactum
1185 3961 1326 4092 sequgns
1349 3942 1479 4004 dicavit.

995 4119 1082 4182 Veni
1099 4126 1202 4200 pater,
1218 4046 1257 4182 O1
1267 4114 1441 4191 Germane,

993 4215 1118 4278 adsiste
1133 4231 1273 4296 seroque
1290 4230 1396 4288 mane,

993 4308 1224 4374 condescende
1241 4327 1328 4372 nunc
1344 4315 1377 4371 et
1393 4326 1491 4370 mane

996 4408 1040 4470 da
1056 4405 1196 4470 servulis
1212 4403 1294 4469 illud
1314 4423 1412 4468 mane

1037 4502 1128 4584 quod
1146 4520 1211 4564 non
1229 4500 1330 4564 habet
1346 4517 1521 4580 vesperum
1538 4517 1546 4576 ;

996 4595 1242 4679 Supplicamus,
1258 4603 1370 4677 pastor
1385 4594 1484 4672 bone,
1557 4607 1559 4612 ’

996 4693 1084 4756 hosti
1101 4711 1161 4773 pro
1178 4689 1273 4752 nobis
1289 4709 1432 4772 oppone,

997 4801 1031 4852 te
1047 4805 1213 4870 rogamus,
1232 4785 1263 4850 Ο
1281 4795 1429 4868 patrone,

999 4881 1080 4948 offer
1096 4901 1209 4964 preces
1227 4881 1258 4944 in
1276 4901 1383 4964 agone

1045 4969 1220 5036 Conditori
1235 4968 1390 5047 siderum,
