4102 5790
652 525 795 577 PROSAE
822 526 1026 577 ECCLESIAE
1053 525 1313 578 LINGONENSIS
1533 531 1597 600 131

647 722 663 786 5
939 722 942 728 ·
1268 719 1310 770 10

409 830 496 894 Nam
515 830 579 894 Dei
595 829 807 912 providentia
1038 827 1126 893 Suae
1142 829 1307 911 plaudunt
1324 832 1534 912 praesentiae

407 927 550 991 mundus
567 946 586 989 a
602 925 678 989 labe
693 925 883 1002 criminum,
1037 945 1222 1006 campanae
1238 924 1337 988 simul
1353 927 1472 992 curiae.

405 1023 571 1088 Ascendit
586 1043 645 1104 per
661 1020 800 1084 humilia
1037 1020 1217 1103 Templum
1234 1031 1356 1104 purgat
1372 1023 1528 1104 ingluvie,

406 1137 575 1184 sacrorum
591 1117 716 1200 gradus
731 1117 897 1180 ordinum.
1037 1117 1080 1180 ad
1097 1137 1133 1179 se
1149 1125 1267 1180 natant
1284 1117 1450 1200 reliquiae.

645 1242 667 1304 6
1269 1261 1303 1306 11

409 1364 520 1450 Quam
537 1363 619 1428 felix
638 1365 774 1428 Leucha
789 1366 916 1443 civitas,
1037 1365 1174 1429 Absens
1189 1365 1275 1428 vidit
1291 1366 1493 1444 incendium,

407 1461 438 1524 in
455 1480 523 1544 qua
538 1461 675 1542 grandis
691 1461 879 1524 iocunditas
1037 1463 1194 1543 praesens
1210 1463 1303 1525 novit
1318 1461 1545 1540 daemonium,

406 1557 491 1621 Tam
508 1557 691 1621 reverendo
708 1556 860 1640 praesule
1036 1557 1266 1640 Divinumque
1281 1556 1460 1640 collegium

407 1653 531 1736 adepto
548 1653 623 1716 Deo
639 1652 785 1718 consule.
1035 1673 1235 1716 consecrans
1252 1654 1445 1731 oratorium,

645 1796 665 1862 7
1270 1798 1307 1844 12

407 1905 497 1969 Dum
514 1905 661 1988 suscepit
676 1905 730 1968 hic
746 1905 867 1969 solium
1039 1906 1130 1969 Hinc
1147 1904 1253 1968 farina
1270 1925 1337 1968 non
1354 1905 1462 1970 defuit

408 1999 566 2065 Tullense
581 2001 685 2065 crevit
700 2002 870 2082 gaudium.
1036 2001 1088 2065 vel
1106 2001 1247 2064 sarcum
1264 2000 1370 2064 fames
1386 2001 1480 2065 irruit
1497 2024 1504 2080 ;

408 2096 471 2160 Dei
487 2098 609 2161 domus
625 2097 809 2180 hospitium
1038 2097 1128 2160 Dum
1147 2117 1275 2180 pauper
1290 2117 1375 2160 unus
1392 2097 1508 2174 abluit,

407 2191 569 2272 fundavit,
584 2195 670 2258 dans
685 2193 842 2258 edulium.
1037 2214 1098 2276 pro
1114 2192 1214 2257 fratre
1230 2192 1383 2257 Christus
1399 2193 1516 2258 adluit.

647 2317 666 2378 8
1263 2315 1307 2394 '13

409 2439 498 2505 Oves
514 2439 624 2523 gregis
641 2440 821 2516 Dominici,
1038 2437 1139 2500 Hunc
1156 2445 1309 2500 sanctum
1322 2436 1421 2499 Pater
1437 2435 1600 2500 luminum

407 2535 576 2600 deducens
592 2538 692 2600 corde
709 2535 862 2618 simplici,
1039 2532 1108 2598 Sua
1124 2532 1239 2596 fovens
1270 2531 1457 2608 elementia,

416 2631 579 2696 Pascebat
594 2633 670 2696 cibo
685 2631 811 2715 duplici
1043 2630 1124 2692 Post
1140 2637 1257 2692 notum
1275 2627 1364 2691 vitae
1380 2627 1560 2690 terminum

411 2728 507 2809 panis
523 2737 556 2792 et
573 2728 664 2792 verbi
681 2727 805 2793 caelici.
1045 2725 1166 2791 Secum
1183 2723 1288 2788 traxit
1304 2723 1347 2786 ad
1364 2723 1496 2805 gaudia.

649 2873 671 2935 9
1271 2869 1311 2932 14

412 2975 580 3042 Collatum
598 2979 703 3042 tribus
717 2978 876 3062 pabulum
1040 2976 1227 3043 Coruscant
1242 2975 1352 3040 adhuc
1369 2975 1471 3039 hodie

412 3073 536 3155 recepit
551 3094 610 3156 per
627 3075 834 3154 miraculum,
1041 3073 1184 3156 pastoris
1201 3071 1366 3135 mirabilia

412 3167 474 3232 Pro
490 3189 578 3252 aqua
594 3171 662 3234 vini
680 3171 836 3253 poculum
1040 3170 1132 3233 Dum
1148 3167 1323 3232 calculosis
1339 3167 1443 3230 anxie

411 3273 551 3346 gustans
567 3267 676 3349 arguit
692 3265 864 3331 famulum.
1040 3265 1195 3329 subvenit
1211 3265 1282 3328 eius
1298 3263 1416 3346 gratia.

967 3375 1002 3442 Ι5

728 3473 809 3552 Nos,
825 3473 965 3538 Gerardi
983 3473 1180 3537 memoriam

726 3579 864 3652 agentes
880 3589 957 3634 cum
973 3568 1111 3646 laetitia,

727 3665 879 3732 Christus
896 3665 998 3730 ducat
1014 3665 1056 3730 ad
1073 3665 1215 3747 gloriam

728 3783 786 3846 per
801 3763 906 3845 ipsius
922 3760 1086 3844 suffragia.

385 3927 575 3981 Manusorlt.
598 3920 692 3974 Palus
709 3933 715 3972 :
730 3916 803 3972 Bibl.
819 3917 896 3986 Nat,
912 3927 1005 3986 11592,
1020 3915 1120 3969 Missel
1133 3912 1170 3968 de
1180 3913 1262 3982 Toul,
1275 3910 1426 3980 xv⁸siecle,
1441 3913 1474 3967 R.

387 4065 397 4104 1
413 4055 435 4105 d
466 4047 537 4105 etin
551 4044 668 4102 caelicia
681 4043 715 4113 (l)
725 4042 883 4113 Lingonus

385 4142 432 4198 9c
462 4145 513 4200 pro
526 4124 643 4196 lympha
660 4122 769 4178 Tullen.

370 4223 431 4279 13c
462 4209 531 4263 Post
544 4215 641 4260 votum
658 4203 769 4264 Tullen.

679 4379 736 4449 86.
770 4373 846 4446 DE
877 4371 916 4446 S.
949 4367 1279 4444 DESIDERIO.

375 4581 397 4626 1.
422 4563 546 4644 Pange,
561 4567 704 4635 caterva,
721 4554 826 4618 melos
843 4551 981 4616 laudum
1001 4549 1086 4632 Regi
1104 4549 1249 4626 Christo,
1266 4545 1447 4610 modulatis
1464 4546 1611 4608 vocibus.

374 4707 402 4754 2,
424 4688 492 4774 Qui
509 4697 560 4752 est
575 4687 676 4752 robur
692 4701 938 4768 oppressorum,
953 4687 1165 4763 pugnantum
1183 4677 1343 4754 victoria;

376 4803 403 4866 3.
426 4786 489 4850 Per
503 4803 604 4868 quem
622 4781 721 4845 laude
737 4777 932 4862 triumphali
950 4774 1100 4840 exsultat
1118 4771 1278 4849 Ecclesia,

375 4932 404 4993 4.
427 4913 538 4998 Quam
555 4920 709 4987 exornat,
725 4910 758 4972 in
775 4908 837 4971 hac
853 4907 917 4984 die,
932 4925 1026 4969 sacra
1043 4901 1210 4966 Desiderii
1228 4898 1371 4963 martiris
1388 4895 1511 4970 laurea,

380 5023 405 5090 5.
428 5009 531 5076 Cuius
548 5009 634 5073 festa
650 5004 821 5088 praeclara
837 5001 983 5066 celebrat
999 4998 1204 5063 laetabunda
1222 4997 1254 5059 in
1272 4994 1358 5058 stola
1375 5011 1478 5055 rosea.
