4094 5796
592 527 735 581 PROSAE
762 527 966 580 ECCLESIAE
993 526 1286 578 ANDEGAVENSIS
1524 525 1570 598 37

367 733 423 802 21'.
457 727 515 802 IN
546 725 901 802 NATlVlTATE
934 725 1163 811 DOMlNl,
1189 723 1247 798 IN
1270 721 1511 798 AVRORA.
1558 787 1560 790 .

340 928 365 976 1.
389 911 513 976 Nostra
531 911 623 988 tuba,

336 1050 363 1098 2.
388 1033 487 1098 Nunc
503 1034 578 1097 Tua
594 1033 782 1108 clementia,
800 1032 942 1108 Christe,
958 1042 1093 1115 regatur
1109 1009 1328 1115 iamiamque
1344 1033 1409 1115 pia.
1438 1091 1441 1098 .

337 1147 364 1211 3.
390 1129 526 1194 Exaudi
543 1130 736 1213 precamina
753 1129 803 1192 Te
820 1129 993 1192 laudantia
1010 1139 1123 1193 mente
1138 1128 1284 1209 devota;

334 1270 364 1332 4.
388 1252 441 1316 Ita
458 1271 536 1316 nam
554 1251 626 1316 laus
638 1261 690 1316 est
702 1251 779 1316 Tibi
790 1260 896 1334 grata,
906 1272 975 1316 vox
988 1251 1015 1314 si
1026 1251 1117 1334 quod
1129 1261 1244 1315 nostra
1256 1259 1355 1315 sonat
1367 1249 1572 1314 conscientia

429 1357 537 1414 canat.

337 1457 363 1524 5.
388 1443 488 1528 Quod
507 1454 543 1509 ut
558 1444 716 1508 omnibus
731 1443 916 1527 proveniat,
933 1442 1098 1507 indefesse
1112 1443 1226 1507 divina
1244 1453 1421 1527 precentur
1437 1427 1572 1506 auxilia.
1598 1427 1601 1435 ’

334 1568 363 1632 6.
388 1567 476 1631 Nam
499 1567 701 1650 quicumque
717 1567 819 1649 digne
836 1577 982 1630 meretur
998 1586 1046 1644 ea,

334 1677 362 1745 7.
386 1663 512 1729 Omnia
528 1683 660 1746 semper
676 1663 705 1726 ei
722 1662 877 1727 salubria.

334 1784 362 1849 8.
387 1783 519 1868 Quibus
535 1785 618 1863 sine,
633 1784 781 1848 humana
797 1785 946 1867 cogitata
963 1805 1029 1848 non
1047 1783 1150 1848 utilia

333 1898 361 1964 9.
380 1879 624 1964 Relinquentes
640 1879 741 1964 igitur
757 1880 875 1944 itinera
893 1880 1033 1944 nimium
1051 1879 1129 1956 lata,

316 2019 361 2067 10.
385 2002 578 2085 Angustam
595 2004 684 2066 viam
700 2003 894 2085 gradiamur
910 2022 997 2085 quae
1013 2022 1075 2065 nos
1096 2003 1240 2084 patriam
1257 2002 1360 2065 ducat
1376 2000 1419 2065 ad
1436 1999 1570 2065 almam.

257 2128 260 2136 ·
315 2116 363 2162 11.
388 2099 484 2163 Haec
499 2099 589 2163 enim
606 2119 699 2162 sacra
715 2099 857 2180 vestigia
874 2099 1096 2181 Redemptori
1112 2099 1169 2180 pio
1185 2096 1377 2180 perplacita‚

317 2236 362 2284 12.
387 2221 453 2304 Qui
470 2231 504 2284 et
520 2229 635 2284 nostra
650 2230 804 2304 tempora
820 2221 874 2302 pie
890 2221 1049 2304 disponat
1065 2239 1196 2302 semper
1212 2239 1341 2304 nosque
1356 2229 1522 2303 protegat,

319 2333 364 2396 13.
390 2317 603 2400 Patriamque
624 2319 785 2381 miserans
801 2317 904 2380 ducat
919 2315 1082 2380 'amissam
1100 2336 1167 2399 quo
1183 2316 1256 2380 sine
1272 2314 1338 2379 fine
1355 2324 1482 2398 regnat.

317 2439 363 2518 l4.
387 2435 597 2521 Canticaque
613 2439 642 2502 ei
660 2447 776 2504 nostra
791 2437 948 2522 placeant
963 2459 1024 2521 per
1039 2447 1162 2502 cuncta
1176 2437 1319 2504 saecula.

348 2665 557 2715 Manuscrlts.
575 2661 671 2715 Pnnls
685 2661 773 2715 :Bibl.
786 2662 862 2729 Nat,
874 2661 935 2730 887,
947 2661 1085 2731 Tropaire
1095 2660 1132 2715 de
1141 2657 1359 2723 Saint-Martial
1371 2659 1410 2712 ui⁸
1418 2655 1512 2727 siecle,
1522 2659 1550 2713 A
1556 2677 1573 2724 ,·

316 2739 390 2808 1'684,
406 2733 496 2809 Idem,
509 2739 548 2793 xie
561 2738 654 2808 siecle,
669 2741 709 2806 B,·
743 2753 820 2809 1137,
838 2740 928 2809 Idem,
942 2740 981 2794 xi·
993 2739 1086 2808 siecle,
1100 2740 1132 2804 J,·
1159 2753 1239 2808 9449,
1251 2739 1391 2809 Tropaire
1401 2739 1437 2793 de
1452 2739 1571 2808 Nevers,

313 2818 352 2872 uie
365 2818 459 2888 siecle,
469 2819 513 2884 O‚·
528 2831 593 2888 1235
605 2820 760 2888 (nouvelles
769 2819 975 2891 acquisitions),
987 2820 1088 2874 Missel
1098 2820 1134 2874 de
1146 2821 1172 2873 N
1176 2819 1319 2888 evers,xii⁸
1329 2817 1422 2885 siecle,
1429 2818 1470 2888 Q;
1497 2829 1573 2887 1105,

315 2897 415 2952 Missel
428 2899 464 2954 de
478 2899 607 2968 l’abbaye
621 2899 658 2952 du
673 2901 739 2968 Bec,
754 2899 813 2953 xiiie
826 2899 921 2968 siecle,
936 2900 964 2954 T
961 2919 976 2964 ,·
1007 2898 1068 2968 868,
1092 2898 1192 2954 Missel
1212 2899 1363 2968 d'Angers‚
1377 2895 1526 2966 xv⁸siecle,
1540 2897 1573 2951 Z.

314 2977 449 3032 Oxronn
463 2997 469 3033 ι
493 2977 566 3032 Bibl.
581 2979 672 3048 Bodl,
686 2991 747 3048 775,
758 2980 896 3049 Tropaire
909 2979 945 3034 de
958 2978 1150 3047 winchester,
1163 2989 1243 3034 entre
1256 2992 1309 3046 979
1322 2987 1350 3032 et
1366 2978 1442 3046 1016,
1459 2977 1527 3032 οΑ.·

346 3109 360 3148 2
381 3095 443 3149 Tua
467 3097 527 3150 Rex
549 3096 703 3152 clementia
730 3097 881 3152 Eboracen.
904 3111 984 3168 regat
1003 3100 1193 3170 Andegaven.
1215 3105 1330 3166 regatur
1349 3094 1492 3163 Ecclesia,
1507 3093 1570 3150 0A.

312 3173 462 3230 Eboracen.
477 3188 590 3245 regatur
599 3188 685 3247 atque
693 3177 741 3246 pia
751 3177 855 3248 O.Q.T.
865 3179 978 3236 Eduen.
1006 3182 1045 3234 Le
1056 3196 1122 3235 sens
1131 3187 1158 3232 et
1169 3179 1195 3232 le
1207 3177 1319 3247 rythme
1328 3176 1442 3245 exigent
1451 3181 1572 3245 regatur.

348 3265 479 3322 3mente
492 3273 562 3325 pura
577 3257 640 3312 OA.
667 3257 819 3312 Eboracen.

347 3335 429 3400 4lta
442 3334 557 3390 demum
570 3336 681 3390 Eduen.
712 3335 818 3406 siquid
833 3337 864 3407 Q.
1527 3396 1531 3406 ,

349 3413 526 3484 ςὶῃάεΐοεεα
544 3416 581 3471 A.
590 3417 624 3470 Z.
649 3415 834 3486 Αηᾰιμνιη.
873 3417 1002 3473 divinam
1023 3426 1176 3485 precentur
1190 3415 1372 3472 clementiam
1386 3414 1419 3484 Q.
1449 3413 1572 3484 petimus

313 3493 415 3550 auxilia
426 3494 537 3550 Eduen.
569 3495 722 3550 clementia
737 3497 768 3550 0.

350 3574 367 3628 6
387 3576 481 3643 Quam
496 3576 527 3629 0.
540 3575 571 3645 Q.
597 3585 741 3630 merentur
757 3575 787 3630 B.
800 3577 831 3645 Q.
846 3577 876 3633 T.
893 3578 956 3634 OA.
970 3579 1122 3633 Eboracen.

351 3667 365 3718 7
387 3655 497 3708 Cuncta
510 3654 536 3709 ei
551 3671 664 3726 semper
677 3665 742 3710 sunt
757 3656 820 3711 OA.
831 3658 941 3712 Cuncta
955 3657 997 3714 eis
1008 3674 1122 3728 semper
1135 3667 1200 3712 sunt
1209 3656 1361 3710 Eboracen.
1376 3653 1486 3708 Cuncta
1503 3667 1575 3707 sem·

317 3753 366 3808 per
382 3738 448 3792 huic
468 3748 533 3794 sunt
546 3738 657 3793 Eduen.
671 3739 712 3793 eis
725 3739 759 3794 L.

351 3818 367 3872 8
386 3818 512 3872 humana
525 3827 627 3872 cuncta
640 3828 704 3873 sunt
718 3819 828 3875 inutilia
840 3821 951 3876 Eduen.

337 3911 368 3951 to
386 3913 459 3969 quae
473 3897 603 3968 perducit
615 3915 668 3953 nos
681 3899 718 3954 ad
732 3899 820 3954 vitam
835 3901 897 3954 OA.
912 3901 1065 3954 Eboracen.
1083 3899 1160 3954 ducit
1175 3899 1207 3969 Q.
1222 3897 1260 3953 ad
1273 3896 1409 3952 amissam
1427 3897 1457 3950 T.

337 3991 365 4030 11
387 3977 573 4048 Redemptori
591 3988 690 4033 nostro
709 3979 894 4049 Andagaven.
915 3979 1105 4050 Redemptori
1126 3989 1191 4034 sunt
1210 3978 1366 4050 perplacita
1383 3976 1498 4030 Eduen.
1511 3983 1577 4029 sunt

318 4057 421 4126 placita
435 4058 499 4112 0A.
514 4057 669 4112 Eboracen.

339 4151 368 4191 12
388 4138 444 4208 Qui
458 4147 555 4192 nostra
568 4138 632 4192 B.I.
659 4139 740 4206 Quae
754 4148 797 4193 est
812 4140 844 4209 Q.
864 4139 998 4210 disponet
1014 4140 1083 4208 O.Q.
1108 4154 1277 4209 semperque
1289 4153 1342 4191 nos
1355 4135 1387 4191 L.

339 4231 369 4285 13
388 4219 470 4272 Cette
483 4218 609 4273 clausule
619 4235 743 4288 manque
755 4219 828 4274 dans
841 4221 875 4274 B.
890 4229 917 4274 et
931 4221 955 4274 l.
975 4221 1061 4274 ducat
1073 4219 1109 4274 ad
1120 4221 1226 4273 almam
1239 4234 1296 4289 qua
1313 4218 1343 4272 T.
1354 4217 1388 4272 Z.
1401 4215 1464 4271 OA.
1478 4214 1571 4269 Ande·

316 4311 417 4366 gaven.
432 4299 584 4352 Eboraceu.
598 4297 710 4352 Eduen.
723 4298 761 4353 ad
773 4299 880 4354 almam
890 4317 963 4370 quae
979 4300 1012 4354 0.
1026 4299 1103 4354 ducit
1117 4300 1153 4354 ad
1167 4300 1273 4353 almam
1283 4299 1331 4370 qui
1346 4297 1377 4368 Q.
1404 4297 1458 4351 Les
1472 4305 1576 4350 termes

321 4375 395 4430 dela
409 4378 536 4432 clausule
558 4392 590 4430 10
608 4387 658 4431 ont
677 4378 779 4432 amene
798 4389 872 4433 cette
886 4379 1034 4434 confusion
1047 4380 1120 4434 dans
1134 4380 1162 4433 la
1175 4379 1300 4434 clausule
1317 4392 1325 4430 ι
1332 4391 1355 4446 3.

341 4469 370 4520 14
389 4457 565 4526 Canticaque
587 4467 685 4511 nostra
708 4458 840 4528 placeant
865 4459 975 4514 Eduen.
990 4451 992 4455 ’
1006 4477 1057 4527 per
1077 4469 1179 4513 cuncta
1199 4453 1297 4511 nostra
1319 4455 1434 4511 saecula
1459 4455 1491 4508 0.
1526 4469 1577 4524 per

322 4545 420 4593 cuncta
433 4537 612 4594 saeculorum
626 4537 740 4594 saecula
755 4537 812 4592 B.I.
834 4549 936 4594 cuncta
950 4555 1063 4615 semper
1076 4540 1113 4594 Α.
1136 4537 1235 4593 saecla
1249 4536 1281 4610 Q.
