4096 5794
495 521 569 608 560
721 535 862 587 PROSAE
889 532 1124 584 DOMINORVM
1151 529 1548 584 VLTRAMONTANORVM

675 757 759 826 400.
794 730 852 804 IN
882 729 1290 806 CONVERSlONE
1321 728 1361 803 S.
1386 729 1562 804 PAVLI.

805 943 816 989 ¹
1430 939 1449 1002 7

540 1035 669 1101 Sonent
686 1033 822 1117 plausus
839 1031 1042 1108 laetabundi,
1169 1029 1365 1095 Eccevenit
1380 1052 1449 1095 vox
1465 1031 1508 1094 de
1523 1051 1664 1110 sursum,

538 1131 674 1215 plausus
691 1129 805 1194 dulces
821 1138 855 1191 et
872 1128 1004 1191 iocundi
1168 1148 1254 1210 quae
1271 1129 1407 1192 divertit
1423 1127 1492 1210 lupi
1509 1149 1642 1192 cursum

580 1227 717 1309 virginis
735 1224 927 1288 Ecclesiae:
1213 1245 1232 1287 a
1250 1224 1438 1288 mactandis
1454 1223 1573 1288 ovibus
1589 1249 1595 1288 :

537 1325 676 1407 Agnum
694 1322 782 1384 enirn
800 1321 843 1384 de
860 1320 956 1383 leone
1168 1325 1184 1351 ‘¹
1202 1319 1313 1396 Saule,
1328 1319 1409 1402 quid
1428 1320 1485 1383 Me
1501 1318 1675 1402 crucifigis,

537 1429 571 1484 et
586 1427 754 1502 pastorem
770 1417 813 1480 de
829 1416 999 1499 praedone
1110 1501 1114 1510 Ι
1165 1417 1246 1500 quid
1264 1416 1321 1479 Me
1338 1425 1465 1478 mactas
1481 1425 1514 1480 et
1531 1413 1652 1499 affligis

582 1515 734 1580 Christus
750 1511 827 1576 iecit
843 1512 951 1576 hodie.
1210 1512 1243 1574 in
1262 1511 1349 1575 Meis
1365 1511 1518 1575 fidelibus
1531 1516 1544 1574 Ρ
1557 1512 1573 1538 ”

800 1633 818 1679 2
1429 1618 1447 1680 8

537 1722 749 1790 Admiranda
767 1720 1012 1802 Redemptoris,
1169 1719 1224 1784 Ad
1243 1719 1329 1783 hanc
1345 1739 1461 1784 vocem
1479 1718 1679 1783 exturbatus

537 1820 762 1907 praedicanda
779 1817 963 1885 Salvatoris
1167 1819 1258 1881 etad
1275 1818 1414 1882 humum
1432 1819 1496 1880 iam
1517 1825 1702 1900 prostratus
1721 1842 1728 1881 :

580 1921 684 1984 virtus
699 1928 733 1983 et
749 1916 939 1982 constantia
1210 1919 1226 1947 ‘⁶
1240 1915 1414 1999 Quisnam,
1428 1915 1544 1998 inquit,
1557 1913 1726 1997 loqueris?
1738 1913 1754 1940 '¹

539 2017 641 2081 Hunc
657 2034 819 2098 agnorum
837 2013 915 2078 fecit
930 2013 1050 2076 ducem
1165 2049 1206 2058 --
1223 2017 1238 2044 ‘⁴
1255 2013 1329 2094 Ego
1347 2013 1441 2076 Iesus
1458 2013 1653 2076 Nazarenus

537 2116 593 2197 qui
610 2111 751 2197 parabat
766 2111 863 2195 agnis
879 2129 1009 2174 crucem
1168 2127 1266 2193 quern
1285 2120 1320 2174 tu
1338 2107 1433 2172 lerox
1450 2117 1484 2172 et
1499 2109 1643 2173 effrenus

580 2220 614 2275 et
630 2209 746 2274 mortis
763 2208 933 2292 supplicia.
1211 2207 1243 2270 in
1262 2206 1420 2270 membris
1435 2206 1649 2290 persequeris.

498 2407 499 2410 ¹
536 2419 642 2501 Spina
657 2421 710 2482 cui
727 2331 815 2481 suas3
823 2427 932 2482 vestes
1166 2417 1298 2482 Durum
1315 2417 1376 2482 tibi
1392 2329 1574 2494 calcitrare,

533 2513 671 2579 affixere
687 2513 761 2577 falsi
778 2524 880 2578 testes
1163 2515 1282 2578 durum
1300 2513 1361 2578 tibi
1382 2533 1576 2597 repugnare,

578 2620 611 2674 et
627 2609 759 2674 lictores
776 2609 949 2692 Stephani,
1208 2609 1319 2687 Saule,
1334 2619 1450 2673 contra
1466 2607 1638 2673 stimulum
1655 2630 1662 2687 ;

536 2707 608 2770 Iam
625 2705 782 2770 columna
798 2705 916 2788 templi
932 2705 1016 2782 viva,
1164 2705 1376 2790 Resipiscens
1391 2715 1464 2770 esto
1480 2705 1584 2783 sortis,

534 2801 656 2886 palma,
671 2801 748 2866 vitis
763 2810 796 2865 et
813 2800 901 2864 oliva
1164 2821 1242 2865 nam
1259 2810 1391 2883 oportet
1407 2822 1468 2885 pro
1485 2801 1543 2865 Me
1560 2801 1675 2866 mortis

576 2898 693 2962 cedros
708 2907 829 2979 aequat
847 2895 977 2961 Libani.
1205 2905 1239 2960 te
1253 2897 1388 2980 gustare
1404 2897 1596 2982 poculum.”

792 3018 814 3080 4
1416 3018 1455 3066 10

532 3106 738 3169 Mansuescit
761 3105 860 3188 lupus
877 3125 993 3186 rapax,
1161 3104 1346 3189 Delegatur
1361 3107 1515 3172 Ananias

532 3211 565 3266 et
581 3199 618 3266 lit
634 3222 741 3284 agnus
757 3211 790 3264 et
806 3222 865 3264 vas
880 3221 990 3283 capax
1159 3203 1202 3264 ad
1220 3205 1476 3268 monstrandum
1495 3203 1599 3268 Paulo
1614 3205 1685 3268 vias

575 3297 639 3362 olei
657 3297 813 3374 laetitiae,
1204 3307 1238 3361 et
1253 3297 1354 3362 calles
1370 3300 1516 3364 iustitiae
1529 3322 1538 3379 ;

533 3393 607 3458 Vas
622 3393 716 3456 illimi
734 3393 869 3477 plenum
887 3412 978 3470 auro,
1161 3393 1260 3456 Pulsa
1277 3395 1365 3459 nube
1384 3395 1548 3474 salsitatis,

531 3489 667 3574 plenum
684 3489 827 3572 gemmis
843 3496 877 3552 et
892 3487 1050 3551 thesauro
1160 3499 1295 3572 sumpta
1311 3491 1384 3554 luce
1400 3492 1557 3568 veritatis,

575 3605 672 3650 verae
689 3583 882 3668 sapientiae.
1204 3583 1240 3649 fit
1257 3587 1375 3651 doctor
1392 3586 1573 3654 Ecclesiae.

793 3705 808 3774 5
1414 3714 1448 3760 11

528 3801 568 3865 ln
585 3799 648 3864 hoc
664 3819 743 3863 vase
759 3806 976 3880 reponuntur,
1159 3796 1310 3862 Verbum
1329 3799 1393 3863 Dei
1411 3801 1531 3864 missus
1547 3799 1639 3882 ferre,

527 3898 560 3960 in
577 3897 640 3960 hac
656 3915 733 3959 arca
749 3892 966 3958 recluduntur
1161 3894 1243 3957 dum
1260 3895 1438 3978 perlustrat
1453 3895 1568 3961 orbem
1585 3905 1691 3962 terrae

570 4001 697 4056 secreta
713 3990 870 4054 caelestia
886 4011 893 4069 ;
1202 3993 1369 4058 convertit
1385 3993 1561 4077 Ephesios,

527 4089 594 4152 Hic
610 4087 751 4170 abyssus
766 4086 963 4169 abyssorum
1155 4085 1393 4166 Thessalonas,
1409 4089 1649 4173 Philippenses,

524 4193 558 4247 et
573 4182 628 4251 hic,
644 4182 726 4246 caeli
743 4192 822 4246 sunt
836 4181 1004 4246 caelorum
1159 4181 1407 4267 Philadelphus,
1424 4185 1648 4264 Colossenses,

566 4288 688 4344 cuncta
705 4299 836 4361 quoque
853 4277 971 4341 media.
1201 4278 1374 4360 Galathas,
1391 4280 1591 4349 Corinthios.

782 4385 804 4446 6
1407 4405 1444 4451 12

523 4490 645 4556 Saulus
662 4490 725 4553 hoc
742 4509 800 4552 vas
817 4497 887 4552 tarn
902 4489 1109 4571 praeclarum
1159 4491 1249 4554 Hinc
1265 4492 1472 4556 descendens
1488 4494 1531 4558 ad
1550 4494 1723 4560 Romanos

522 4589 635 4650 caedis
652 4586 763 4650 adhuc
779 4595 813 4648 et
829 4585 996 4648 minarum
1159 4587 1379 4670 impugnabat
1396 4590 1478 4652 ritus
1493 4609 1597 4654 vanos

565 4683 696 4766 spirans
712 4683 745 4745 in
762 4679 954 4764 discipulos,
1196 4704 1255 4765 per
1271 4682 1370 4748 fidem
1388 4684 1609 4766 catholicam;

523 4779 572 4844 Ut
590 4779 724 4844 inferret
741 4797 856 4842 necem
873 4777 921 4840 eis
1155 4781 1255 4843 Petro
1272 4780 1403 4845 iunctus
1419 4783 1452 4846 in
1469 4803 1599 4866 agone,

520 4875 599 4953 ibat,
615 4877 736 4939 missus
752 4894 772 4938 a
789 4874 923 4937 Iudaeis
1152 4885 1295 4940 mortem
1312 4897 1431 4960 passus
1446 4881 1510 4944 sub
1526 4879 1670 4960 Nerone,

562 4992 622 5056 per
638 4972 737 5035 urbes
753 4979 786 5034 et
802 4969 952 5053 populos.
1193 4991 1303 5036 arcem
1321 4973 1424 5038 intrat
1439 4975 1606 5042 caelicam.
