4094 5796
811 507 954 562 PROSAE
981 511 1185 565 ECCLESIAE
1211 513 1503 570 ANDEGAVENSIS

790 713 848 782 31.
881 687 956 762 nn
986 690 1211 768 sancio
1241 693 1509 774 osonum.

830 871 841 916 1
1457 863 1477 923 8

566 991 665 1056 Clara
681 1011 771 1068 voce,
784 1011 868 1074 pura
884 994 1097 1074 conscientia,
1241 983 1334 1046 Illius
1352 985 1502 1050 membra
1518 986 1650 1069 singula

565 1087 787 1152 Laetabunda
803 1087 920 1152 iubilet
939 1089 1098 1168 Ecclesia,
1240 1082 1306 1144 acri
1323 1082 1487 1146 rimantur
1503 1083 1637 1165 ungula,

825 1228 843 1274 2
1239 1167 1284 1230 Et
1302 1169 1473 1252 lampades
1490 1191 1566 1234 cum
1583 1171 1717 1254 ignibus

1237 1277 1454 1348 apponuntur
1471 1267 1638 1334 lateribus

651 1338 816 1402 Recolens
832 1336 975 1400 celebria

520 1435 675 1518 martyris
692 1433 827 1516 Georgii
845 1433 906 1496 hac
926 1435 980 1496 die
995 1433 1135 1512 festalia,
1454 1423 1475 1489 9

650 1529 717 1613 Qui
733 1550 794 1612 pr⁰
811 1528 946 1595 ChristO
962 1533 1062 1608 varia,
1175 1545 1230 1610 Sic
1247 1545 1371 1628 deponi
1389 1547 1480 1610 iubet
1492 1557 1645 1612 sanctum
1664 1559 1775 1634 tyran·

519 1630 613 1694 miles
633 1627 873 1691 invictissimus
893 1627 1029 1708 pertulit
1050 1647 1127 1711 sup·
1575 1643 1621 1727 [ni
1639 1650 1777 1714 saevitia

1004 1722 1127 1806 [plicia·
1172 1737 1288 1820 Atque
1305 1739 1413 1820 plagis
1426 1743 1595 1822 ¹cruentari
1612 1744 1702 1806 urbis
1718 1765 1777 1808 ex-

822 1871 839 1934 3
1557 1835 1622 1920 [tra
1635 1842 1776 1904 maenia.

603 1981 680 2044 Fuit
696 2000 776 2063 ergo
793 1979 957 2062 Georgius
1446 1986 1484 2033 10

601 2079 751 2188 &futile
769 2076 995 2186 Cappaqoeiar
1235 2102 1398 2167 Interiora
1414 2114 1533 2186 patent
1549 2106 1674 2172 viscera

601 2174 778 2256 Dlgffltate
793 2193 995 2256 00⁰⁵P¹⁰¹¹¹¹⁵
1277 2201 1346 2264 sale
1363 2202 1521 2266 fricantur
1537 2203 1684 2284 vulnera,

598 2281 632 2336 et
649 2291 780 2335 morum
797 2271 1006 2335 excellentia·
1231 2296 1299 2362 Sed
1316 2298 1420 2376 miles,
1438 2297 1539 2363 fretus
1557 2301 1622 2364 Dei
1633 2303 1752 2386 gratia,

815 2417 838 2478 4
1273 2395 1406 2458 illaesus
1422 2405 1490 2460 stat
1505 2417 1565 2480 per
1579 2401 1703 2467 omnia.

598 2523 766 2602 Affabilia
782 2525 935 2587 amabilis
1440 2559 1474 2608 11

598 2633 635 2685 ut
651 2631 793 2684 testatur
809 2621 946 2685 historia

598 2718 695 2802 Quae
711 2717 901 2799 passionem
919 2719 1074 2800 martyris

597 2817 735 2897 dignam
753 2814 854 2877 tradit
872 2815 1041 2877 memoria.

1314 2683 1424 2748 Ardet
1440 2685 1570 2750 insania

1314 2801 1409 2844 mens
1426 2782 1589 2846 Daciania
1605 2805 1613 2862 ;

1315 2877 1413 2942 Iubet
1430 2879 1463 2940 in
1480 2899 1645 2942 carcerem

815 2962 831 3027 5
1229 2973 1233 2978 '
1313 2973 1438 3038 recludi
1455 2985 1647 3058 martyrem.

684 3077 774 3140 Nam
791 3075 946 3138 Daciano

685 3173 857 3254 quondam
874 3168 1015 3255 profano

683 3270 724 3331 ad
742 3259 904 3332 libamina
1225 3253 1406 3318 Adductus
1422 3263 1501 3317 ante
1517 3253 1661 3318 iudicem

640 3363 862 3447 compellente
878 3365 981 3444 impia
1225 3361 1417 3415 constanter
1433 3351 1518 3414 bibit
1533 3349 1672 3414 calicem
1760 3419 1762 3424 ,

684 3462 768 3525 Fide
783 3469 953 3542 protectus
1225 3467 1325 3529 quem
1343 3466 1462 3529 magus
1478 3447 1714 3510 incantaverat.
1761 3531 1765 3540 ι

683 3557 777 3622 miles
793 3569 922 3620 erectus
1226 3543 1348 3625 Magus
1364 3553 1491 3625 martyr
1506 3541 1655 3620 efficitur,

680 3654 767 3717 inter
783 3654 919 3736 agmina
1225 3638 1397 3702 Dacianus
1412 3638 1627 3704 confunditur

636 3752 839 3817 exclamavit
856 3755 986 3816 media:
1223 3735 1280 3817 qui
1297 3755 1435 3818 magum
1448 3735 1677 3802 advocaverat

810 3879 832 3942 6
1434 3886 1471 3951 13

505 4018 520 4044 “
545 4011 669 4094 Egenis
697 4019 731 4074 et
756 4011 958 4093 pauperibus
983 4021 1121 4093 erogata
1224 3999 1315 4063 Rota
1330 4007 1467 4083 paratur
1482 4021 1587 4065 aenea

940 4107 1115 4189 [pecunia;
1222 4115 1297 4159 cum
1315 4096 1366 4159 bis
1382 4097 1489 4160 acutis
1501 4097 1631 4180 gladiis¹

508 4203 600 4266 Deus
622 4213 735 4266 noster
750 4203 859 4266 caelos
876 4203 953 4266 fecit
969 4227 975 4266 :
991 4206 1024 4266 di
1038 4224 1116 4285 gen·
1221 4211 1307 4274 quae
1325 4192 1449 4254 laniare
1465 4193 1575 4256 valeat

795 4297 892 4381 [tium
909 4299 1117 4363 daemonia,¹’
1221 4287 1371 4351 membra
1388 4289 1477 4352 beati
1495 4290 1655 4372 martyris

1223 4387 1331 4450 Rotae
1349 4397 1476 4468 martyr
1492 4387 1676 4469 imponitur

808 4446 827 4511 7
1221 4493 1254 4546 et
1271 4493 1343 4546 rota
1359 4484 1427 4546 cito
1443 4482 1588 4546 volvitur
1602 4503 1610 4564 ;

679 4555 770 4619 Male
786 4577 886 4621 sanus
1221 4587 1295 4642 rota
1310 4587 1383 4642 tota
1398 4579 1580 4642 conteritur

679 4650 849 4716 Datianus
916 4751 921 4762 Ι
1219 4684 1253 4738 et
1271 4685 1398 4757 martyr
1414 4673 1496 4738 nihil
1513 4675 1664 4740 laeditur.

635 4757 815 4831 martyrem
833 4759 992 4813 contiuuo

678 4843 925 4928 Comprehendi
1432 4826 1471 4888 ¹4

676 4951 709 5004 et
724 4942 883 5024 suspendi
1152 4944 1297 5024 Sartago
1322 4941 1461 5024 plumbo
1495 4942 1634 5005 ferventi
1660 4941 1760 5024 plena

632 5037 724 5102 iubet
740 5039 773 5103 in
790 5040 940 5122 equuleo.
1153 5039 1254 5102 Facta
1281 5049 1331 5102 est
1359 5049 1476 5102 sancto
1496 5038 1591 5121 quies
1607 5057 1759 5105 amoena.

1437 3133 1475 3178 12
