4094 5796
581 485 721 534 PROSAE
749 485 951 534 ECCLESIAE
980 487 1321 534 MAGDEBVRGENSIS
1531 485 1575 556 27

602 671 654 737 16.
687 663 762 736 DE
793 662 1017 737 SANCTO
1054 663 1304 736 DONATO.

630 831 640 876 1

388 933 512 996 Psallat
529 934 617 998 laeta
633 935 762 1012 conci0,

386 1029 535 1092 recolens
552 1051 627 1092 cum
644 1032 771 1113 gaudio

386 1127 499 1188 votiva
515 1126 701 1202 sollemnia,

387 1219 487 1302 Quod
507 1221 664 1282 Donatus
680 1219 781 1282 hodie

387 1316 429 1378 de
446 1315 519 1378 lacu
538 1316 691 1378 miseriae

387 1411 506 1472 transit
523 1412 565 1473 ad
583 1410 750 1475 caelestia.

627 1564 644 1610 2

387 1681 472 1745 Puer
489 1682 619 1745 Romae
635 1683 775 1760 studuit,¹

384 1777 563 1860 studioque
574 1777 695 1855 floruit,

385 1875 528 1937 docente
547 1875 743 1957 Pigmenio;

388 1969 488 2051 Fugit
505 1970 536 2031 in
555 1969 743 2047 Arethiam,

387 2066 480 2146 perdi
494 2065 617 2128 timens
634 2067 736 2128 etiam

388 2161 508 2224 Iuliani
526 2161 657 2244 gladio;

627 2319 644 2382 3

388 2435 463 2518 Qua
481 2438 626 2501 Primani
645 2437 749 2502 filium

387 2531 505 2596 liberat
521 2535 716 2598 Austerium

384 2647 406 2688 a
421 2629 596 2693 daemonis
614 2631 758 2693 nexibus
776 2652 783 2707 ;

387 2721 520 2786 Clamat
536 2725 680 2786 daemon
698 2726 836 2787 exiens:

388 2817 455 2881 Cur
471 2819 632 2881 incendor
647 2820 781 2896 totiens,

386 2923 510 2989 sancte,
527 2915 592 2976 tuis
609 2916 790 2996 precibus?

626 3071 648 3130 4

387 3182 421 3245 A
439 3185 594 3266 Syranna
611 3188 808 3250 caecitatem

387 3276 491 3360 sugat,
507 3291 540 3344 et
557 3283 785 3365 integritatem

430 3375 541 3439 reddit
557 3377 629 3440 orbi
643 3377 786 3441 luminis.

388 3468 567 3534 Eufrosina
584 3471 700 3536 fiscum
718 3473 831 3554 prodit

387 3563 456 3627 viro
473 3586 533 3628 suo
550 3588 649 3648 quem
668 3567 805 3631 suffodit

429 3660 492 3723 sub
508 3663 658 3744 ingressu
677 3663 809 3726 liminis.

633 3811 648 3877 5

392 3930 480 3994 Hinc
499 3931 650 4013 Satyrus,
666 3934 763 3995 annis
780 3943 871 3996 satur

392 4027 472 4104 obit,
487 4047 528 4090 eo
545 4029 701 4092 viduatur

434 4123 552 4185 civitas
569 4123 719 4187 Arathia.

393 4215 484 4298 Ergo
500 4219 644 4282 trahitur
660 4220 816 4283 Donatus

391 4313 432 4373 ad
450 4313 513 4376 hoc
529 4315 661 4378 culmen
680 4317 897 4397 praesulatus

438 4411 589 4473 omnium
602 4412 790 4475 concordia.

1255 815 1276 875 6

1020 935 1138 996 Pastor
1154 934 1238 1014 pius,
1255 943 1369 1016 pastor
1385 933 1502 1010 bonus,

1018 1029 1186 1111 pastorale
1203 1049 1326 1092 ornans
1343 1050 1428 1092 onus

1064 1125 1174 1200 verb0,
1190 1125 1267 1200 vita,
1284 1124 1404 1206 spiritu
1421 1146 1427 1200 ;

1017 1221 1129 1284 Carbo
1146 1220 1235 1300 prius
1252 1220 1339 1300 ignis
1356 1227 1473 1294 tectus,

1020 1315 1252 1397 lampadarum
1270 1324 1349 1378 tunc
1367 1323 1521 1396 aspectus

1059 1412 1247 1474 discurrens
1264 1431 1340 1473 cum
1358 1411 1496 1492 impetu.

1257 1565 1275 1626 7

1014 1685 1114 1750 Calix
1131 1685 1254 1748 fractus
1272 1693 1444 1767 reparatur

1019 1789 1052 1843 et
1068 1781 1246 1844 defunctus
1262 1781 1446 1844 suscitatur

1059 1878 1155 1940 testis
1172 1897 1290 1940 census
1308 1877 1430 1940 redditi

1018 1972 1130 2034 Draco
1146 1974 1241 2054 perit,
1258 1972 1332 2034 lons
1350 1971 1530 2034 mundatur

1019 2076 1053 2130 et
1068 2067 1111 2129 ab
1127 2067 1223 2130 hoste
1236 2066 1396 2130 liberatur

1066 2173 1172 2225 mater
1188 2163 1379 2224 Theodosii.

1258 2305 1276 2365 8

1019 2437 1119 2520 Cogit
1135 2439 1223 2500 hunc
1242 2437 1493 2520 Quadratianus

1020 2542 1057 2596 ut
1073 2534 1125 2596 dis
1141 2533 1259 2608 surdis,
1275 2553 1333 2595 ceu
1349 2531 1507 2613 prosanus

1066 2629 1149 2691 ferat
1165 2627 1337 2690 sacrificia.

1016 2723 1082 2806 Qui
1100 2724 1256 2786 resistens
1274 2733 1340 2786 stat
1358 2723 1510 2799 invictus,

1017 2829 1261 2882 tormentorum
1279 2815 1395 2881 suffert
1410 2818 1495 2880 ictus

1061 2914 1191 2976 deridet
1208 2913 1381 2995 supplicia.

1260 3067 1281 3126 9

1022 3185 1174 3247 Tandem
1191 3185 1304 3265 capite
1320 3192 1503 3258 truncatur,

1018 3289 1051 3343 et
1068 3289 1205 3343 aeterna
1220 3289 1400 3343 coronatur

1061 3375 1129 3438 vita
1146 3395 1247 3457 quam
1265 3375 1437 3454 cupierat:

1020 3473 1059 3534 ln
1078 3474 1216 3535 odorem
1234 3472 1410 3534 suavitatis

1019 3567 1162 3631 offerens
1179 3589 1214 3630 se
1230 3588 1305 3630 cum
1324 3567 1430 3629 beatis

1063 3664 1154 3726 videt
1171 3683 1270 3744 quem
1288 3661 1463 3724 dilexerat.

1244 3814 1282 3860 10

1022 3933 1131 4009 Salve,
1148 3945 1244 4015 pater
1260 3934 1415 4015 gloriose,

1063 4031 1147 4092 casti
1163 4029 1290 4092 candor
1305 4029 1375 4106 lilii,

1020 4126 1120 4203 salve,
1138 4129 1266 4188 mixtus
1282 4127 1366 4190 odor
1378 4144 1472 4188 rosae

1063 4221 1182 4284 rubore
1201 4222 1350 4302 martyrii
1366 4243 1372 4292 ;

1025 4317 1063 4378 In
1081 4317 1254 4397 procinctu
1272 4319 1344 4378 viae
1357 4327 1505 4378 stamus:

1066 4413 1169 4494 lapsis
1186 4432 1322 4475 manum
1340 4412 1472 4492 porrige
1490 4431 1496 4484 ;

1024 4516 1082 4569 tua
1100 4528 1205 4588 prece,
1222 4527 1263 4568 ne
1273 4507 1443 4581 cadamus,

1067 4621 1199 4684 gressus
1217 4611 1348 4664 nostros
1365 4600 1478 4680 dirige.

348 4733 395 4786 3a
426 4722 573 4790 Aprimani
589 4725 809 4794 Magdeburgen.
845 4731 858 4779 t
890 4723 944 4778 ruis
959 4722 1299 4792 sanctisMagcleburgen.
1315 4736 1389 4792 1497.

351 4808 363 4862 5
377 4816 397 4853 a
427 4801 520 4855 carnis
535 4813 612 4857 satur
624 4804 847 4874 Magdeburgen.

351 4889 363 4945 5
378 4883 398 4932 d
424 4880 500 4936 Hinc
514 4881 621 4951 rapitur
636 4884 855 4954 ,Wagdcburgem
871 4883 965 4938 donne
978 4897 1034 4934 une
1048 4881 1156 4948 syllabe
1170 4883 1205 4934 de
1219 4881 1320 4936 moins.

349 4953 399 5010 6d
429 4959 503 5027 ignis
517 4959 606 5014 iectus
620 4962 838 5032 Magdeburgen.
877 4979 894 5016 e
925 4971 989 5030 post
1003 4969 1136 5029 aspectus
1151 4959 1373 5028 Magdeburgen.
