4102 5790
618 488 761 541 PROSAE
788 491 992 544 ECCLESIAE
1019 493 1266 546 BRIXINENSIS
1520 497 1589 567 119

547 769 603 842 77.
636 749 712 824 DE
742 751 968 826 SANCTA
999 751 1358 828 KATHERINA.

632 988 644 1033 1

393 1123 466 1187 Hac
483 1125 516 1189 in
533 1127 588 1190 die
604 1135 734 1190 mentes
749 1128 825 1210 piae

390 1221 471 1284 caeli
488 1222 630 1305 iungant
646 1225 816 1287 armoniae

454 1319 591 1403 plausus
607 1332 641 1387 et
657 1325 814 1406 tripudia,

392 1413 467 1497 Qua
484 1422 680 1485 conscendit
695 1422 738 1485 ad
756 1422 870 1486 divina

393 1509 514 1576 Christi
532 1535 664 1598 sponsa,
682 1517 878 1594 Katherina,

454 1609 588 1674 sublimi
605 1613 754 1677 victoria.

628 1790 647 1836 2

391 1938 496 2022 Virgo
511 1939 630 2003 dolens
647 1940 857 2006 Christianos

390 2054 408 2096 a
423 2033 606 2116 prophanis
623 2044 659 2100 ut
676 2035 870 2118 prophanos

454 2129 572 2195 subiici
591 2131 761 2214 martyrio,

390 2225 559 2292 Christum
576 2229 688 2312 palam
706 2228 884 2293 confitetur

390 2342 496 2406 neque
513 2344 612 2407 super
628 2324 692 2388 hoc
708 2333 840 2389 veretur

452 2421 578 2506 opponi
597 2421 783 2486 Maxentio.

628 2598 644 2662 3

389 2735 489 2801 Cuius
506 2737 613 2801 victus
628 2737 841 2800 documentis

387 2841 419 2895 et
435 2831 610 2895 conclusus
627 2833 835 2915 argumentis

445 2918 580 3011 ¹quaerit
595 2929 761 2992 adiutoria
776 2951 782 3006 ;

387 3021 531 3087 Graecos
547 3025 677 3106 quaerit
693 3033 852 3100 oratores,

386 3130 418 3184 et
433 3122 465 3184 in
484 3121 621 3187 Graecis
638 3123 792 3187 meliores
811 3148 818 3188 :

449 3217 526 3281 hinc
542 3229 683 3300 surgunt
700 3218 815 3301 litigia.

624 3390 647 3451 4

390 3524 445 3589 Ad
461 3535 631 3590 certamen
649 3526 742 3590 locus
758 3528 857 3591 datur

389 3622 575 3699 accersitur,
591 3623 791 3704 disputatur,

452 3718 639 3780 succumbit
655 3717 828 3783 rhetorica.

390 3810 495 3894 Virgo
510 3814 645 3894 gaudet,
659 3834 719 3876 rex
736 3813 871 3878 inflatur
878 3835 886 3894 ;

388 3909 492 3971 credit
507 3917 541 3972 et
558 3909 782 3972 martirizatur

451 4005 550 4068 turba
566 4005 820 4088 philosophica:

629 4181 644 4248 5

388 4325 403 4351 “
416 4319 531 4402 Virgo,
547 4321 650 4384 decus
666 4321 823 4404 puellare,

452 4417 555 4499 virg0,
571 4416 681 4498 proles
698 4419 798 4499 regia,

389 4509 513 4574 lormae
528 4513 815 4594 conprovinciales

451 4610 587 4672 vincens
603 4610 780 4692 elegantia,

390 4703 462 4768 Tua
478 4715 544 4768 stet
561 4706 593 4768 in
611 4706 740 4768 ditione

453 4821 504 4863 res
520 4801 737 4882 imperatoria
757 4825 764 4864 :

390 4903 518 4959 tantum
536 4898 600 4960 diis
617 4917 658 4959 ne
674 4897 839 4960 detrectes

454 4993 533 5059 dare
549 4991 719 5060 sacrificia.
731 4991 747 5020 ’³

1260 975 1281 1037 6

1020 1129 1076 1193 Ad
1088 1129 1171 1193 haec
1181 1129 1589 1213 virgo:“QuidMaxenti,

1085 1226 1166 1309 quid
1182 1227 1309 1302 dixisti,
1325 1227 1458 1290 bestia?

1022 1321 1138 1386 Nescit
1154 1343 1250 1386 verus
1267 1321 1426 1385 declinari

1086 1419 1179 1483 Deus
1195 1439 1254 1500 per
1269 1417 1412 1501 pluralia
1431 1443 1438 1484 :

1019 1515 1123 1580 Unde
1139 1516 1202 1578 diis
1219 1514 1314 1597 plura
1329 1515 1397 1578 tuis

1084 1611 1169 1675 dans
1184 1609 1385 1687 articularia,

1020 1707 1128 1784 miser,
1144 1727 1164 1769 a
1180 1706 1365 1782 divinitate,

1083 1801 1205 1866 transis
1218 1802 1260 1865 ad
1273 1802 1463 1866 daemonia.

1262 1980 1281 2046 7

1022 2120 1204 2202 Resipisce,
1220 2119 1386 2202 resipisce,

1019 2215 1169 2279 veritatis
1185 2215 1273 2277 viam
1290 2215 1391 2290 disce,

1083 2309 1218 2375 Christo
1234 2319 1268 2372 te
1284 2309 1446 2388 concilia;

1018 2407 1146 2472 Caecus
1162 2425 1262 2469 caeca
1278 2405 1455 2484 veneraris,

1018 2502 1121 2566 salsus
1138 2501 1222 2565 salsa
1237 2503 1436 2585 deprecaris,

1083 2599 1201 2662 similis
1217 2599 1347 2662 similia.
1360 2599 1377 2625 ''

1258 2766 1277 2828 8

1018 2927 1095 2990 Rex
1112 2927 1154 2990 ad
1172 2925 1236 2988 ista
1252 2925 1475 3008 perturbatur,

1017 3023 1105 3098 furit,
1120 3021 1262 3098 frendet,
1278 3021 1517 3097 stomachatur,

1081 3117 1191 3194 latrat,
1203 3117 1276 3180 exit
1292 3116 1472 3181 hominem.

1018 3215 1107 3278 Rota
1124 3213 1193 3276 fieri
1212 3214 1414 3290 mandatur;

1017 3331 1225 3394 paganorum
1242 3313 1322 3376 dum
1341 3319 1470 3374 rotatur

973 3477 978 3488 Ι
1082 3405 1473 3470 sternitrnultitudinem.

1257 3585 1279 3646 9

1017 3727 1034 3756 “
1052 3723 1152 3798 Hinc,
1168 3721 1254 3796 hinc,
1271 3739 1370 3802 maga
1386 3719 1543 3801 rapiatur,

1017 3818 1095 3880 hinc
1111 3815 1260 3880 venefica
1276 3816 1428 3877 trahatur

1083 3913 1126 3977 ad
1143 3911 1333 3994 squalorem
1351 3909 1504 3973 carceris!
1517 3908 1534 3935 '¹

1018 4009 1156 4073 Adsunt
1173 4027 1254 4070 mox
1271 4007 1490 4088 apparitores,

1021 4125 1102 4168 mox
1120 4105 1271 4180 lanistae,
1287 4123 1370 4165 mox
1387 4109 1540 4178 tortoreS,

1084 4202 1174 4265 iussa
1189 4200 1361 4282 complent
1377 4198 1520 4264 sceleris.

1252 4371 1290 4417 10

1019 4511 1110 4574 Luce
1126 4529 1237 4572 carcer
1254 4505 1484 4589 perlustratur,

1017 4606 1213 4688 angelorum
1231 4605 1412 4684 deputatur

1083 4701 1202 4782 virgini
1220 4699 1387 4762 solatium.

1018 4798 1185 4862 Visitatnr
1201 4817 1220 4858 a
1237 4795 1361 4877 regina,

1018 4892 1141 4958 Christi
1158 4890 1257 4952 datur
1273 4887 1461 4970 disciplina,

1084 4987 1214 5052 subitur
1229 4985 1436 5069 martyrium.
