4102 5790
480 485 529 576 96
793 505 935 558 enosaa
963 507 1167 563 accusatas
1194 505 1420 566 naonrausrs

783 699 803 767 7

523 797 576 860 Tu
594 797 798 863 Francorum
816 801 940 864 crimen
958 805 1045 886 regis

523 893 588 956 Dei
605 895 765 978 scriptum
784 916 884 960 manu
902 897 994 981 legis,

566 999 599 1054 et
616 990 776 1053 reformas
792 993 929 1074 gratiae.

522 1087 576 1150 Tu
592 1085 789 1151 defunctum
806 1089 867 1150 das
885 1091 1062 1170 viventem,

523 1193 601 1246 tuae
617 1183 762 1265 praescis
780 1184 1012 1252 imminentem

566 1280 729 1344 iacturam
746 1280 914 1346 ecclesiae.

784 1395 803 1456 8

523 1503 575 1566 Tu
592 1506 786 1588 cypressina
803 1508 890 1570 ostia

522 1599 594 1664 sola
611 1601 705 1664 ducis
722 1622 781 1684 per
797 1603 924 1681 maria;
1002 1601 1005 1607 ’

1152 691 1213 754 das
1229 701 1402 758 contracto
1418 694 1574 760 remedia.

1155 785 1267 852 Tuum
1284 788 1465 871 prophetas
1481 791 1620 870 obitum,

1155 883 1275 947 chorus
1292 885 1429 950 resultat
1445 887 1601 952 caelitum

1157 981 1237 1044 dum
1255 983 1297 1046 ad
1315 982 1444 1046 caelum
1457 985 1518 1048 das
1533 985 1697 1068 spiritum.

1416 1176 1438 1238 9

1154 1313 1235 1377 Vita
1251 1313 1313 1377 frui
1331 1323 1364 1378 te
1380 1314 1480 1379 beata

1153 1410 1274 1492 probat
1291 1409 1395 1474 virtus
1412 1409 1632 1493 frequentata,

1154 1507 1193 1569 In
1211 1526 1277 1589 qua
1293 1517 1405 1570 tecum
1422 1526 1483 1572 nos
1501 1507 1604 1571 locari

1153 1603 1381 1686 supplicamus
1398 1613 1432 1666 te
1448 1603 1583 1686 precari.

514 1721 596 1776 Cette
611 1722 698 1776 Prose
711 1741 728 1776 a
741 1723 786 1778 dte
804 1723 953 1793 imprimes
969 1723 1080 1795 d’apres
1093 1723 1119 1779 le
1134 1724 1233 1779 Missel
1247 1725 1284 1779 de
1298 1723 1391 1794 Lidge,
1405 1723 1512 1779 edition
1525 1723 1562 1778 de
1578 1737 1653 1793 1502,
1667 1722 1739 1777 dans

478 1801 511 1854 E.
527 1801 670 1869 REMBRY,
685 1804 774 1856 Saint
793 1804 891 1872 Gilles,
903 1821 936 1857 sa
950 1807 1002 1873 ur'e,
1024 1821 1067 1858 ses
1079 1805 1209 1873 reliques,
1225 1821 1276 1858 son
1293 1805 1373 1858 culte.
1389 1805 1505 1874 Bruges,
1528 1803 1603 1872 1882,
1623 1813 1691 1858 tom.
1707 1815 1740 1872 11,

479 1897 506 1950 n·
519 1881 581 1947 482·
681 1963 686 1974 Ι

515 1991 565 2031 aa
595 1975 717 2032 dicentis
731 1977 859 2032 Leodien.

515 2069 561 2124 30
591 2056 712 2112 mundas
727 2057 942 2126 Leodien.1502.
959 2057 1185 2129 Coloniemrszo.
1217 2065 1238 2113 d
1270 2059 1417 2130 naufragia
1432 2059 1657 2130 Colom'en.1520.

515 2141 567 2201 ab
597 2137 740 2207 hospitate
752 2137 883 2192 Leodien.
897 2139 1002 2208 c.1485.
1033 2155 1050 2193 e
1081 2139 1133 2194 das
1147 2139 1445 2209 Lcode'en.1502-154o.
1461 2140 1688 2210 Colom'en.1520.

518 2229 531 2286 5
546 2220 568 2270 b
598 2216 684 2286 eripis
699 2217 842 2272 Colonien.
859 2231 935 2286 1520.

516 2297 566 2350 oa
599 2297 715 2350 Gaudes
729 2297 867 2352 molestiis
882 2299 1023 2352 Colom'cn.
1042 2313 1051 2351 r
1058 2311 1116 2368 520.
1148 2305 1170 2354 b
1201 2299 1276 2354 vitiis
1292 2299 1433 2354 Colom'en.
1451 2313 1526 2368 1520.

516 2390 530 2440 7
545 2393 563 2430 c
593 2387 622 2431 tu
636 2377 772 2432 reformas
789 2377 890 2432 veniae
908 2378 1037 2432 Leodien.
1057 2379 1098 2432 La
1115 2379 1265 2449 proximitd
1283 2379 1321 2433 du
1335 2389 1393 2433 mot
1406 2381 1492 2433 venia
1511 2379 1540 2447 (6
1553 2377 1585 2448 b)
1605 2395 1678 2434 nous
1690 2377 1741 2434 fait

481 2455 605 2526 prdsdrer
616 2457 645 2510 la
657 2457 738 2526 lecon
752 2456 790 2510 du
805 2455 905 2510 Missel
918 2457 955 2510 de
968 2457 1102 2528 Cologne.
1135 2464 1157 2513 d
1188 2459 1264 2530 preci
1279 2459 1311 2522 lt)
1326 2459 1467 2513 Colonien.
1484 2471 1558 2528 ¹5²0·

515 2537 567 2589 8b
597 2545 698 2590 nautas
711 2535 792 2590 ducis
807 2536 948 2590 Colom'en.
966 2550 1043 2605 1520.
1069 2555 1087 2592 c
1111 2538 1182 2593 dans
1196 2539 1324 2593 Leodr'en.
1351 2543 1373 2594 d
1398 2540 1442 2592 Tu
1462 2539 1590 2595 Leodz'en.
1614 2555 1632 2594 e
1659 2536 1742 2595 caeli-

480 2623 553 2664 cum.
567 2607 696 2662 Leodien.
729 2613 742 2661 t
767 2608 862 2662 caelos
877 2607 1018 2664 Colom'en.
1035 2621 1110 2678 1520.

516 2692 568 2756 9b
599 2686 686 2742 virtus
700 2687 802 2757 probat
818 2687 959 2742 Colom'en.
977 2701 1052 2758 1520.
1084 2693 1106 2744 d
1137 2689 1284 2762 deprecari
1299 2690 1426 2746 Leodien.

698 2880 757 2964 67.
790 2873 865 2946 DE
895 2873 1120 2950 SANCTO
1149 2875 1526 2952 THEODARDO.

793 3031 804 3074 1

528 3135 620 3200 Urbs
637 3135 750 3218 Legia‚
766 3135 854 3200 laeta
871 3137 1003 3219 plaude,

526 3231 626 3294 lauda
642 3233 750 3294 virum
766 3233 907 3314 dignum
924 3232 1032 3311 laude,

568 3337 722 3390 sanctum
739 3327 782 3390 ab
800 3328 950 3406 infantia,

527 3422 747 3486 Laudabilem
766 3423 1016 3502 Theodardum,

527 3527 740 3602 superantem
757 3519 835 3582 thus
851 3529 885 3582 et
902 3520 1043 3583 nardum

571 3614 731 3678 virtutum
749 3614 941 3699 fragrantia.

791 3744 809 3789 2

506 3845 509 3852 '
530 3839 645 3904 Nobili
662 3841 764 3923 stirpe
779 3840 907 3919 claruit,

530 3935 588 4000 sed
606 3936 726 4000 clarior
742 3937 898 4020 apparuit

574 4031 730 4108 moribus,
747 4032 905 4110 scientia;

531 4128 644 4191 Mores
660 4148 781 4210 pravos
797 4127 1007 4210 exstirpavit,

529 4223 660 4306 praesul
680 4223 796 4302 iactus,
812 4243 947 4306 gregem
965 4222 1057 4306 pavit

574 4320 666 4382 omni
683 4320 865 4402 diligentia.

793 4447 811 4510 3

532 4541 624 4607 Dum
641 4545 751 4626 arguit
767 4553 1030 4626 transgressores

531 4640 697 4722 quosdam
714 4641 810 4717 viros,
827 4639 997 4702 invasores

575 4735 740 4800 bonorum
759 4735 938 4814 Ecclesiae,

531 4830 627 4894 Tunc
645 4831 686 4894 ad
704 4849 815 4913 regem
834 4839 1071 4913 properantem

531 4927 758 5010 insequuntur,
775 4928 840 4989 iam
859 4927 1040 4991 intrantem

575 5021 693 5086 silvam
711 5021 879 5086 Elizatiae.

1417 3033 1440 3096 4

1160 3143 1245 3207 Mox
1262 3143 1305 3208 ab
1322 3141 1386 3206 illis
1402 3143 1526 3206 sicariis

1157 3237 1264 3322 plagis
1281 3239 1468 3303 conscissus
1484 3236 1592 3316 variis

1202 3336 1362 3399 innocens
1377 3335 1548 3398 occiditur.

1138 3495 1142 3502 ,
1160 3429 1216 3494 Sic
1232 3432 1395 3514 sanguine
1411 3431 1588 3508 laureatus,

1161 3526 1308 3588 Paradisi
1325 3527 1375 3590 vir
1391 3526 1509 3590 beatus

1203 3621 1337 3685 ianuam
1355 3621 1549 3706 ingreditur.

1424 3824 1440 3890 5

1160 4003 1217 4067 Ad
1234 4002 1387 4066 tumbam
1403 3999 1501 4064 huius
1517 3996 1638 4080 sepulti
1708 4023 1711 4028 ·

1162 4098 1251 4181 aegri
1268 4097 1451 4160 liberantur
1467 4094 1564 4158 multi

1205 4215 1223 4258 a
1241 4193 1347 4256 morbi
1365 4191 1519 4255 molestia
1534 4212 1541 4268 ;

1163 4291 1273 4354 Huius
1287 4289 1475 4354 interventu
1492 4305 1638 4369 precum,

1161 4407 1222 4452 nos
1239 4388 1399 4470 perducat
1416 4382 1569 4448 Christus
1587 4381 1709 4447 Secum

1205 4483 1248 4548 ad
1264 4501 1367 4564 regna
1383 4479 1548 4544 caelestia.

1424 4659 1446 4722 6

1162 4824 1275 4890 Amen
1292 4819 1383 4884 dicat
1399 4819 1509 4882 omnis
1525 4817 1630 4881 homo

1162 4930 1200 4986 ut
1215 4925 1329 4982 cantet
1344 4915 1377 4978 in
1393 4915 1477 4979 caeli
1492 4915 1595 4980 domo

1207 5012 1388 5078 iocundum
1405 5009 1559 5075 Alleluia
