4102 5790
541 524 611 594 130
811 520 953 572 PROSAE
980 520 1184 572 ECCLESIAE
1212 519 1471 572 LINGONENSIS

538 717 584 765 10.
609 699 640 766 O
668 707 803 783 quanta,
828 719 947 783 supera
976 699 1079 782 Regis
1107 699 1139 762 in
1164 699 1265 776 curia,
1290 719 1415 763 merces
1442 698 1663 763 militantibus
1689 699 1790 763 datur

665 805 742 879 post
758 795 902 879 praelia!

538 911 585 958 11.
610 893 649 956 In
667 893 801 958 Christo
817 891 952 955 credula
967 892 1010 954 sit
1028 911 1122 954 mens
1139 891 1324 974 intrepida:
1340 891 1450 954 brevis
1465 891 1601 974 quidem
1619 891 1713 954 labor
1729 899 1790 966 est,

666 990 755 1053 dona
771 988 940 1072 perennia.

540 1137 585 1186 12.
610 1121 751 1204 Fragilis
781 1121 921 1184 materia
945 1119 1090 1202 pulveris
1114 1119 1231 1184 haeres
1257 1129 1291 1182 et
1317 1121 1506 1198 transitura,
1534 1129 1569 1184 ut
1597 1119 1690 1182 vivas
1717 1117 1792 1180 Deo

582 1244 585 1251 ·
666 1217 826 1294 moriaris,
842 1218 889 1280 sic
904 1217 1069 1279 scandens
1085 1215 1127 1278 ad
1144 1215 1310 1280 sublimia.

539 1331 585 1394 13·
611 1313 770 1396 Martyris
787 1311 951 1395 supplicia
978 1311 1005 1374 si
1022 1309 1123 1394 paulo
1139 1311 1199 1375 tibi
1227 1311 1384 1375 videntur
1402 1311 1494 1388 dura,
1512 1311 1637 1394 respice
1652 1310 1732 1394 quid
1750 1310 1793 1374 sit

667 1409 847 1492 promereri
863 1429 925 1490 pro
940 1407 1079 1470 terrenis
1096 1406 1262 1473 caelestia.

540 1555 587 1618 14.
611 1538 642 1602 O
670 1537 838 1614 Vincenti,
866 1535 982 1602 Sancti
1014 1535 1158 1618 Spiritus
1188 1535 1334 1615 flamma,
1363 1557 1511 1620 purgans
1540 1537 1654 1600 omnia
1684 1536 1794 1600 cordis

667 1633 795 1710 intima,
810 1633 932 1696 devicit
948 1632 1034 1714 ignis
1050 1633 1212 1696 incendia.

543 1743 589 1809 15.
614 1728 796 1793 Odivinae
811 1729 883 1792 dux
900 1729 1048 1806 militiae,
1058 1729 1117 1792 tibi
1128 1728 1281 1811 phalanx
1293 1729 1415 1793 caelica
1432 1731 1520 1794 sistit
1531 1730 1640 1807 obvia,
1652 1728 1796 1794 iubilans

670 1825 769 1888 laude
783 1823 949 1888 dulciflua

544 1960 590 2022 16.
615 1958 725 2021 Fortis
742 1957 966 2040 belligerator,
982 1958 1127 2040 paradisi
1144 1959 1278 2040 gaudia,
1294 1977 1507 2041 quaesumus,
1530 1959 1626 2022 nobis
1644 1955 1796 2040 implora,

670 2074 736 2137 quo
751 2055 959 2136 gaudeamus
975 2063 1086 2117 tecum
1103 2074 1163 2137 per
1178 2055 1319 2118 saecula.

544 2165 591 2230 17.
615 2149 722 2227 Felix,
738 2149 906 2214 felicitatis
922 2159 1079 2214 aeternae
1095 2152 1273 2233 praecipua
1290 2171 1428 2214 munera
1444 2151 1509 2214 tuis
1525 2151 1681 2234 deposce,
1694 2149 1798 2232 Regis

670 2247 796 2310 aeterni
813 2246 875 2309 frui
892 2247 1090 2328 praesentia.

544 2381 590 2443 18.
614 2379 698 2456 Ave,
709 2388 835 2462 martyr
844 2399 976 2462 semper
985 2379 1135 2456 colende,
1144 2379 1205 2443 tibi
1216 2380 1259 2444 sit
1275 2379 1356 2456 laus,
1365 2379 1525 2463 temporis
1536 2379 1604 2442 ulla
1616 2379 1687 2441 sine
1700 2387 1798 2442 meta.

576 2555 786 2606 uanuscrlts.
811 2553 923 2607 Parus:
948 2551 1020 2606 Bibl.
1036 2553 1116 2622 Nat,
1133 2566 1211 2620 9442,
1234 2553 1333 2608 Missel
1351 2551 1395 2624 [de
1421 2555 1554 2623 Langres,
1573 2551 1634 2608 xiii‘
1645 2552 1740 2622 siecle,
1759 2552 1793 2606 L.

539 2630 710 2685 AanLou:
727 2631 799 2686 Bibl.
813 2631 849 2686 de
863 2632 890 2686 la
903 2631 986 2700 Ville,
1000 2647 1022 2700 r,
1037 2632 1137 2686 Missel
1151 2633 1187 2687 de
1197 2633 1331 2702 Langres,
1344 2647 1419 2700 1419,
1430 2634 1504 2688 AM.

576 2711 656 2764 Certe
669 2711 755 2766 Prose
772 2711 847 2766 aete
860 2711 972 2782 publiee
985 2728 1036 2781 par
1050 2713 1090 2765 M.
1101 2713 1295 2780 PsLLEcrrET,
1310 2713 1457 2767 Notessur
1467 2714 1507 2767 les
1518 2714 1606 2767 lr'vres
1620 2714 1792 2783 liturgiques

538 2781 586 2834 des
597 2781 715 2835 diocdses
726 2783 869 2851 d'Autun,
884 2781 992 2837 Chalon
1003 2787 1030 2836 et
1042 2784 1154 2853 Maron,
1170 2783 1366 2854 Paris-Autun,
1383 2785 1457 2853 1883,
1472 2802 1497 2854 p.
1504 2795 1565 2853 495.

574 2919 590 2958 2
609 2903 738 2974 provehit
752 2904 907 2976 Lingomn.

575 2997 588 3052 5
608 2983 732 3038 aetheris
744 2983 776 3038 L
791 2985 948 3056 Lr'ngonen.

574 3077 589 3129 7
608 3061 722 3133 gloriari
736 3065 810 3119 AM.

558 3158 590 3196 ιο
608 3143 711 3197 dantur
725 3144 797 3198 AM.

558 3237 588 3276 12
608 3223 730 3277 scandes
742 3224 817 3278 AM.

557 3315 587 3370 15
608 3303 691 3356 laude
704 3301 869 3356 dulcissima
881 3303 1089 3359 Psarscrrsr.

558 3382 590 3434 16
608 3381 766 3450 gaudemus
778 3382 853 3437 AM.
879 3384 974 3438 saecla
987 3383 1019 3438 L.
1033 3385 1189 3456 Lr'ngonen.

890 3719 946 3809 85-
980 3716 1055 3789 DE
1085 3717 1123 3790 S.
1154 3717 1441 3793 sennenn.

847 4036 859 4081 ¹
1475 4039 1491 4102 3

601 4157 859 4240 Agrippinensis
876 4157 1026 4240 plantula
1233 4160 1299 4224 Hic
1316 4161 1501 4226 litterarum
1517 4163 1628 4228 studia

602 4253 713 4318 floruit
729 4254 761 4316 in
781 4252 940 4330 Ecclesia,
1232 4267 1364 4320 secutus
1381 4278 1446 4322 non
1465 4259 1585 4338 inania,

602 4348 705 4414 Cuius
721 4350 805 4413 odor
821 4350 852 4413 in
870 4349 1003 4413 saecula
1232 4352 1288 4416 Ad
1307 4353 1466 4418 virtutum
1484 4357 1627 4440 insignia

602 4445 726 4528 fragrat
743 4445 775 4508 in
792 4445 874 4510 caeli
890 4446 990 4508 curia.
1231 4449 1369 4530 spiravit
1386 4450 1429 4514 ab
1445 4450 1593 4516 infantia.

842 4601 860 4646 2
1470 4608 1493 4668 4

603 4721 669 4786 Hic
686 4722 735 4785 vir
751 4721 918 4786 Gerardus
934 4722 1080 4800 nomine,
1233 4723 1378 4789 Feruens
1394 4727 1465 4791 eius
1481 4729 1616 4794 devotio

601 4818 789 4900 praeclarus
806 4839 850 4880 ex
866 4817 1003 4899 origine,
1230 4820 1264 4883 in
1281 4821 1434 4904 virginali
1450 4835 1584 4906 pectore

600 4913 726 4979 Orbem
743 4913 881 4997 replevit
897 4912 1022 4977 lumine
1229 4916 1307 4980 Non
1325 4917 1422 4983 latuit
1438 4921 1501 4985 sub
1518 4923 1640 5002 modio,

600 5009 741 5094 fulgenti
757 5009 991 5074 sanctitudine.
1228 5014 1287 5078 sed
1305 5013 1396 5079 fulsit
1412 5018 1504 5082 omni
1521 5028 1680 5102 tempore.
