4108 5794
499 533 570 622 246
791 541 933 604 PROSAE
960 551 1164 604 ECCLESIAE
1191 553 1484 606 XANCTONENSIS

530 744 548 796 9
569 730 629 784 lam
643 727 747 783 delleta
759 729 795 785 E.
809 739 837 785 et
850 730 984 786 defuncta
997 729 1051 786 luci
1071 730 1114 785 W.
1146 731 1287 787 contraire
1301 750 1336 788 au
1351 732 1469 802 rythme.
1557 769 1560 774 ,

518 823 550 863 ro
570 809 715 864 Sanabant
728 808 870 880 periclal.
902 809 1026 881 pericula
1046 811 1087 865 W.
1101 811 1275 867 Xanclonen.

518 904 545 942 rr
570 890 637 942 Non
652 898 679 943 et
693 888 751 943 alta
764 888 797 958 (t)
811 891 858 945 Aa
869 891 907 946 K.

517 983 547 1022 12
568 968 769 1024 FerventesF.
785 969 828 1024 W.
843 970 1018 1025 Xanclonen.
1050 970 1146 1025 laurea
1159 970 1183 1027 I.
1217 927 1408 1027 Parallelisme
1422 971 1572 1044 imparlait.

520 1061 551 1116 13
571 1049 629 1119 Spe
641 1047 720 1103 cuius
736 1049 768 1104 G.

519 1142 551 1194 14
570 1128 654 1198 Quod
667 1129 840 1184 xanctonen.

800 1387 877 1475 164.
914 1381 989 1456 DE
1019 1383 1057 1458 S.
1088 1381 1459 1462 SEBASTIANO.

588 1773 710 1857 Pange,
725 1774 831 1838 dulcis
848 1775 997 1854 Francia,

588 1871 743 1953 martyris
759 1872 935 1954 praeconia

590 1965 915 2046 Mediolanensium;
1012 2017 1022 2036 .

589 2064 743 2130 Gaudeat
761 2067 897 2132 Suessio

590 2161 622 2224 in
640 2163 741 2244 regali
758 2164 886 2246 gremio

588 2266 719 2322 tantum
737 2258 897 2323 claudens
914 2260 1066 2340 pretium.

807 2407 825 2452 2

590 2523 692 2588 Cuius
709 2525 751 2586 ad
768 2523 990 2606 praesentiam

588 2619 684 2682 exuit
702 2619 869 2682 miseriam

588 2713 684 2778 vallis
699 2715 936 2791 abundantiae,

591 2811 760 2876 Sodomae
776 2811 958 2894 periculum

590 2908 736 2971 evadens
752 2909 784 2970 in
802 2907 981 2982 saeculum,

591 3004 661 3067 basi
679 3003 763 3068 fulta
778 3004 913 3086 gratiae.

810 3165 826 3228 3

590 3281 688 3346 Miles
704 3282 812 3351 clarus
828 3301 958 3363 genere,

589 3379 631 3441 de
649 3387 851 3460 magnatum
862 3376 973 3452 latere,

588 3474 696 3536 dulcis
712 3494 806 3537 amor
817 3471 953 3548 civium,

589 3569 705 3632 Verax
722 3569 755 3632 in
772 3569 915 3651 eloqui0,

592 3667 698 3729 iustus
714 3666 747 3728 in
765 3664 897 3740 iudicio,

510 3769 513 3779 '
591 3761 782 3826 consolator
797 3759 972 3836 omnium;

809 3911 832 3971 4

594 4027 819 4092 Christianam
836 4025 976 4107 provide

594 4122 694 4186 fidem
711 4121 823 4185 celans
839 4121 966 4195 habitu,

509 4219 512 4227 “
593 4218 656 4280 sub
672 4237 837 4300 pomposa
852 4215 1031 4297 chlamyde

593 4335 720 4396 pauper
735 4323 806 4376 erat
822 4313 940 4394 spiritu
955 4333 962 4388 ;

594 4412 782 4492 Martyrum
799 4409 983 4472 certamina

593 4507 754 4570 roborans
770 4504 918 4579 consilio,

592 4612 643 4666 tot
658 4623 823 4666 coronans
839 4600 975 4682 agmina

593 4721 659 4764 non
677 4698 849 4764 fraudatur
865 4695 988 4760 bravio.

811 4853 826 4919 5

680 4977 829 5042 Probans
845 4976 924 5040 loris

654 5083 658 5092 '
679 5073 747 5138 viru
763 5071 895 5149 amoris,

1302 1679 1359 1723 ore
1376 1659 1440 1724 Dei

1303 1756 1401 1819 datur
1416 1756 1446 1819 ei

1218 1851 1315 1915 dulce
1331 1852 1422 1934 pacis
1438 1849 1588 1928 osculum
1607 1871 1614 1930 ;
1718 1853 1720 1859 ’

1306 1949 1423 2014 Fidem
1441 1969 1563 2024 serens,

1304 2045 1399 2127 signa
1414 2065 1545 2128 gerenS,

1304 2141 1381 2204 hinc
1397 2161 1533 2217 errores,

1303 2236 1380 2299 hinc
1396 2236 1575 2320 languores

1218 2333 1320 2416 lugat,
1336 2331 1468 2396 lucrans
1484 2331 1655 2416 populum.

1436 2447 1457 2510 6

1177 2557 1291 2621 Prodit
1308 2557 1415 2622 laetus
1431 2567 1467 2622 ut
1484 2558 1525 2621 ad
1544 2557 1659 2621 ludum

1175 2655 1255 2717 dare
1271 2654 1346 2718 telis
1362 2673 1483 2737 corpus
1499 2654 1626 2716 nudum

1220 2751 1306 2833 regis
1323 2752 1411 2813 iussu
1429 2749 1563 2832 pessimi
1580 2769 1587 2826 ;

1177 2845 1260 2908 Tela
1276 2845 1391 2908 volant
1408 2843 1547 2920 infinita,

1176 2941 1235 3004 sed
1251 2940 1404 3004 caelestis
1419 2960 1439 3003 a
1455 2941 1579 3030 sagitta

1178 3053 1183 3066 ·
1221 3035 1303 3100 fides
1319 3037 1436 3117 nequit
1453 3036 1579 3118 perimi.

1177 3267 1227 3332 Ut
1243 3266 1401 3348 triumphi
1418 3268 1536 3348 duplet
1551 3275 1674 3332 sortem

1176 3363 1251 3444 pilis
1268 3362 1374 3425 hirtus
1393 3361 1505 3425 differt
1522 3371 1674 3438 mortem,

1176 3460 1282 3521 donec
1301 3459 1478 3540 resumptis
1494 3458 1618 3520 viribus

1177 3553 1311 3619 Christo
1329 3563 1493 3618 mactatur
1508 3553 1661 3616 fustibus.

1179 3651 1278 3715 Unco
1294 3651 1444 3732 pendens
1462 3649 1493 3712 in
1511 3649 1632 3714 cloaca

1178 3746 1295 3809 scrobe
1311 3766 1441 3809 sursum
1459 3745 1503 3809 ab
1519 3765 1625 3827 opaca

1180 3841 1282 3908 lertur
1297 3843 1409 3906 herilis
1425 3843 1561 3906 victima

1179 3960 1248 4022 quo
1264 3949 1381 4004 sancta
1398 3939 1491 4004 iussit
1507 3939 1629 4002 anima.

1443 4063 1461 4124 8

1181 4173 1237 4239 Sic
1254 4171 1422 4237 accinctus
1440 4172 1472 4235 in
1488 4192 1598 4254 agone

1181 4268 1336 4332 militavit
1353 4289 1413 4350 spe
1428 4287 1582 4344 coronae,

1181 4367 1246 4428 iam
1264 4365 1296 4427 in
1314 4365 1405 4446 pacis
1422 4364 1556 4447 regione

1224 4461 1401 4526 distinctus
1418 4471 1493 4543 post
1510 4459 1634 4543 praelia
1648 4481 1655 4537 ;

1180 4557 1282 4621 Tanti
1299 4557 1393 4622 ducis
1410 4559 1598 4620 interventu

1178 4655 1272 4717 cuius
1289 4653 1359 4716 risit
1375 4652 1408 4715 in
1425 4653 1572 4716 adventu

1178 4750 1299 4814 victrix
1316 4749 1406 4813 vivat
1421 4768 1497 4812 cum
1514 4747 1654 4812 obtentu

1222 4847 1314 4929 regni
1333 4847 1396 4910 Dei
1414 4845 1534 4911 Gallia.

1226 5072 1300 5156 lugi
1317 4975 1560 5154 frueus9gloria.
1646 5077 1649 5082 “
1724 5081 1725 5088 ’
