4102 5790
510 497 578 566 128
808 509 949 562 mosne
978 509 1181 561 accessum
1208 507 1467 560 uruooususrs

809 705 828 769 7
1432 705 1472 752 10

589 815 644 879 Tu
660 811 764 878 Verbi
782 809 846 874 Dei
865 808 972 872 Patris
1220 807 1375 873 Audiens
1392 810 1474 876 haec
1494 811 1663 876 Iohannes

592 929 742 974 reserans
758 913 977 980 sacramenta,
1222 904 1316 968 vivus
1334 906 1436 971 intrat
1452 908 1604 991 sepulcra
1618 928 1625 985 ;

590 1002 762 1070 Aedificas
780 1001 812 1065 in
829 1001 926 1064 nobis
1222 999 1268 1064 Et
1285 1002 1489 1083 requirentes
1506 1023 1625 1086 corpus

590 1100 667 1165 fidei
685 1099 912 1162 fundamenta.
1221 1095 1267 1158 nil
1284 1097 1402 1161 vident
1420 1099 1482 1161 nisi
1500 1119 1632 1162 manna.

809 1211 827 1272 8

633 1325 730 1410 Quae
746 1325 827 1388 iacis
844 1323 987 1406 plurima

678 1423 775 1504 signa
792 1420 932 1483 miratur

678 1518 773 1600 plebs
792 1515 971 1598 Ephesina.

634 1616 734 1700 Quod
752 1615 856 1678 vincis
872 1612 983 1676 oleum

677 1713 808 1776 fervens
824 1719 966 1774 testatur

678 1819 776 1893 porta
794 1807 923 1870 Latina.

1434 1299 1467 1344 11

1222 1455 1253 1520 O
1272 1455 1442 1519 Iohannes
1459 1455 1593 1540 inclyte,

1221 1553 1311 1634 apud
1331 1554 1442 1616 Deum
1459 1554 1576 1618 obtine

1222 1658 1259 1712 ut
1275 1669 1344 1724 nos,
1362 1649 1498 1712 flamma
1515 1649 1677 1714 scelerum

1352 1756 1519 1828 superata,

1223 1843 1369 1906 Invitare
1386 1843 1528 1926 placeat,

807 1945 828 2008 9
1221 1939 1263 2001 ad
1281 1938 1336 2002 illa
1353 1939 1516 2014 convivia,

720 2047 797 2112 Tibi
815 2046 886 2109 seni
1219 2054 1305 2115 quae
1321 2045 1399 2098 sunt
1415 2037 1483 2097 suis
1502 2035 1575 2098 filiis

678 2145 830 2209 Christus
847 2161 1013 2224 apparens
1351 2143 1558 2214 praeparata.

588 2242 719 2316 invitat,
734 2239 849 2302 dicens
866 2238 913 2300 ita
928 2261 934 2300 :

721 2333 738 2360 “
753 2326 849 2400 Veni,
865 2345 950 2400 care,
1432 2346 1468 2392 12

676 2435 709 2486 et
726 2421 861 2503 epulare

589 2541 665 2584 cum
679 2526 794 2581 sancta
808 2515 945 2578 fratrum
963 2522 1080 2576 turma.
1093 2512 1109 2539 ”
1179 2513 1273 2576 Haec
1292 2515 1441 2578 Domino
1459 2515 1531 2580 laus
1547 2517 1590 2581 sit
1606 2528 1709 2600 grata.

538 2683 750 2736 Manuscrits.
779 2677 875 2728 Parus
895 2691 901 2727 ε
923 2673 995 2726 Bibl.
1012 2673 1088 2740 Nat,
1102 2686 1180 2740 9442,
1205 2673 1304 2728 Missel
1327 2673 1363 2728 de
1386 2675 1522 2744 Langres,
1548 2675 1607 2729 xiii⁰
1617 2676 1711 2746 siecle,
1726 2677 1760 2732 L.

501 2764 652 2816 AVALLON
669 2775 675 2811 :
689 2756 760 2810 Bibl.
775 2755 811 2808 de
825 2755 852 2808 la
866 2753 948 2822 Ville,
962 2766 982 2822 r,
998 2751 1099 2806 Missel
1112 2752 1147 2807 de
1160 2753 1295 2822 Langres‚
1308 2768 1383 2822 1419,
1396 2755 1470 2808 AM.

536 2901 583 2951 4e
616 2877 882 2949 Christusll)AM.

522 2981 585 3020 roa
615 2965 670 3019 hoc
687 2963 756 3018 AM.
789 2965 810 3013 b
842 2959 939 3014 vivens
952 2958 1108 3028 Lingonen.
1135 2957 1207 3011 intra
1221 2958 1351 3028 sepulcra
1363 2960 1436 3016 ΑΜ.

767 3193 823 3284 83.
856 3187 932 3262 DE
962 3186 1201 3260 SANCTlS
1231 3187 1420 3261 GEMIN
1432 3188 1490 3263 IS.

527 3457 550 3502 1.
576 3436 685 3500 Adest
702 3436 767 3498 iam
782 3431 866 3496 festa
882 3432 953 3494 dies
966 3439 999 3492 et
1012 3429 1191 3512 praeclara,
1207 3429 1289 3493 caeli
1307 3430 1339 3492 in
1356 3450 1422 3512 qua
1436 3429 1599 3494 resultant
1615 3431 1757 3512 agmina

523 3552 550 3597 2.
575 3532 731 3597 Gaudeat
748 3549 835 3592 nunc
852 3537 994 3603 caterva,
1011 3527 1185 3589 beatorum
1204 3524 1423 3589 Geminorum
1444 3525 1557 3589 colens
1575 3526 1758 3592 sollemnia.

524 3681 550 3743 3.
575 3661 686 3744 Quam
704 3667 821 3722 sancta
838 3665 944 3719 mater
960 3655 1076 3738 gratia,
1092 3655 1245 3736 geminos
1261 3655 1403 3737 pariens,
1419 3675 1507 3719 nova
1524 3655 1684 3720 infantia!
1754 3664 1757 3672 '

521 3778 551 3837 4.
577 3758 673 3820 Felix
690 3755 799 3838 proles
816 3752 1023 3835 dignissima,
1036 3751 1105 3814 nati
1117 3760 1194 3813 sunt
1208 3751 1341 3832 pariter,
1356 3751 1485 3814 eaelum
1503 3752 1670 3815 scandunt
1684 3771 1757 3814 una.

525 3902 551 3967 5.
575 3885 691 3962 Vobis,
705 3884 736 3948 O
753 3884 859 3946 sancti
873 3881 1017 3957 Gemini,
1031 3879 1107 3941 Rex
1126 3877 1294 3961 magnalia
1311 3899 1368 3961 per
1385 3881 1492 3944 visum
1510 3881 1601 3964 prius
1611 3881 1758 3945 ostendit

631 4002 731 4064 quam
749 3989 865 4043 sancta
881 3976 1096 4061 perciperetis
1113 3974 1214 4037 fontis
1232 3974 1370 4039 lavacra.

521 4083 548 4143 6.
575 4079 770 4162 Speosippe‚
781 4075 875 4140 lactis
896 4093 1034 4136 munera
1046 4071 1209 4154 praebens
1225 4071 1300 4134 avia
1317 4071 1477 4136 monebat
1493 4073 1595 4136 sacris
1613 4073 1757 4150 monitis,

631 4183 667 4236 ut
683 4183 842 4236 constans
858 4189 919 4252 pro
937 4167 1072 4232 Christo
1089 4186 1177 4229 esses
1194 4167 1236 4230 ad
1253 4167 1444 4231 certamina

522 4319 550 4384 7.
576 4303 766 4385 Eleosippe,
793 4301 979 4365 Dominum
997 4319 1072 4362 cum
1091 4318 1214 4380 magna
1239 4299 1351 4361 vidisti
1378 4299 1485 4380 gloria
1509 4300 1542 4362 in
1571 4300 1649 4363 sede
1669 4299 1757 4364 clara

630 4401 798 4464 dicentem
815 4397 896 4461 tibi:
913 4395 1060 4458 “Nolito
1076 4395 1203 4471 timere,
1218 4393 1431 4458 coronaberis
1447 4415 1508 4477 pro
1524 4395 1669 4460 victoria.
1683 4397 1699 4424 ”

523 4500 550 4561 8.
576 4496 792 4577 Meleosippe‚
808 4495 868 4557 tibi
890 4494 967 4556 Rex
983 4491 1126 4574 plurima
1142 4489 1316 4554 conserens
1333 4489 1467 4568 famina,
1483 4492 1636 4572 promisit
1646 4513 1757 4575 regna,

631 4593 818 4656 Germanos
834 4599 945 4652 tecum
962 4596 1099 4650 ornatos
1116 4585 1234 4648 balteis
1256 4587 1415 4650 ordinans
1436 4586 1525 4650 clara
1548 4608 1607 4670 per
1623 4588 1757 4670 palatia.

521 4739 551 4802 9.
576 4721 641 4800 Sic,
651 4743 696 4785 ex
713 4720 838 4782 visione
855 4735 1012 4792 consona,
1022 4733 1104 4776 mox
1121 4713 1273 4777 instructi
1285 4714 1317 4777 in
1331 4712 1407 4776 fidei
1423 4715 1539 4797 gratia,
1550 4725 1617 4779 tres
1633 4735 1757 4798 cogno-

629 4819 724 4881 vistis
740 4815 857 4878 iratres
872 4814 997 4876 trinum
1015 4810 1126 4872 Deum
1145 4809 1177 4871 in
1195 4828 1261 4872 una
1277 4811 1474 4875 substantia.

505 4931 550 4977 1o.
576 4914 675 4978 Fides
691 4915 851 4977 virtutum
869 4910 993 4991 regina,
1003 4907 1068 4970 iam
1086 4905 1224 4969 edoctos
1236 4905 1351 4968 divina
1364 4906 1492 4983 militia,
1502 4927 1562 4970 vos
1575 4909 1618 4972 ad
1632 4927 1757 4990 agones

568 5063 571 5069 .
629 5009 769 5094 paravit,
785 5005 942 5070 fundatos
959 5005 992 5067 in
1009 5001 1179 5085 patientia
