4108 5794
494 481 565 552 216

793 689 810 752 3

538 797 623 880 Quis
640 797 770 860 futurus
787 803 875 858 esset
891 794 954 856 iste

536 895 599 959 hoc
615 893 764 958 ostendit
780 891 887 968 nobis
904 890 1046 968 Christe,

580 991 651 1055 eius
667 989 810 1072 pueritia
826 1009 833 1067 ;

496 1089 527 1154 Ο
541 1109 643 1172 quam
655 1087 747 1163 felix,
759 1093 905 1170 quantus
916 1105 959 1148 ex
974 1085 1101 1160 merit0,

494 1179 1054 1248 mmmwmmmmwmmm

581 1279 680 1342 datur
694 1277 757 1340 Dei
774 1276 881 1360 gratia
896 1277 902 1339 l

799 1427 822 1488 4

541 1539 625 1603 Fide
640 1538 749 1602 clarus
765 1547 798 1602 et
814 1545 938 1600 exutus
971 1561 973 1566 ’

544 1634 681 1710 mundo,
698 1634 809 1698 Deum
827 1641 878 1695 est
894 1641 1028 1698 secutus

585 1731 629 1794 ab
644 1728 871 1794 adolescentia
886 1749 894 1806 ;

590 1826 690 1909 Quod
708 1824 872 1910 quaesivit
887 1843 997 1906 opere,

586 1921 712 1986 invenit
729 1921 761 1984 in
780 1939 926 1997 munere,

586 2019 618 2081 in
634 2015 769 2081 caelesti
786 2015 903 2096 patria.

805 2153 820 2221 5

543 2270 618 2333 lure
634 2267 764 2331 caelum
782 2265 829 2330 illi
847 2267 955 2343 datur,

499 2429 501 2435 ,
540 2365 610 2429 vita
626 2364 719 2427 cuius
735 2361 941 2446 approbatur

584 2460 758 2542 signorum
775 2458 962 2541 frequentia
977 2481 985 2538 ;

546 2557 635 2640 Quia
650 2556 720 2620 vita
736 2555 840 2637 signis
857 2555 970 2637 digna,

545 2652 690 2735 probant
706 2651 776 2714 eius
792 2651 896 2716 vitam
913 2651 1009 2734 signa

580 2749 853 2814 innumerabilia.

804 2878 826 2941 6

546 3007 702 3090 Quadam
720 3015 819 3070 nocte
835 3007 916 3070 dum
934 3015 1045 3072 oraret

543 3105 765 3186 obserataque
780 3111 909 3166 vetaret

587 3200 716 3264 aditum
733 3199 883 3277 ecclesia,

546 3295 631 3361 Cum
649 3295 839 3359 subintrant
856 3315 950 3358 aures
967 3295 1031 3374 Dei

545 3392 616 3456 eius
632 3400 720 3468 vota,
735 3399 854 3473 patent
869 3391 899 3454 ei

590 3488 703 3552 clausa
719 3487 809 3569 prius
825 3486 919 3551 ostia.

808 3631 828 3700 7

548 3742 733 3819 Meloduni,
749 3763 847 3824 prece
863 3742 960 3820 facta,

547 3841 624 3923 igne
640 3838 735 3920 quasi
752 3858 819 3901 non
837 3838 973 3902 adtacta

590 3942 727 3999 manent
744 3934 975 4016 promptuaria
990 3955 998 4014 ;

589 4031 707 4096 Cessat
724 4029 810 4111 ignis
827 4029 969 4111 penitus,

590 4125 685 4208 quasi
701 4125 744 4186 sit
760 4123 921 4187 divinitus

577 4220 792 4304 supermissa
808 4219 930 4303 pluvia.

808 4361 827 4422 8

547 4492 652 4554 Facto
668 4491 774 4572 signo,
791 4488 864 4552 fusa
882 4509 987 4570 prece,

546 4585 705 4650 liberatur
721 4585 816 4668 plebs
834 4605 854 4648 a
871 4605 953 4649 nece

586 4699 644 4762 per
659 4677 729 4740 eius
743 4673 900 4756 suffragia
916 4697 923 4752 ;

810 493 952 546 PROSAE
978 491 1182 544 ECCLESIAE
1209 489 1448 542 suuouurtsts

1207 669 1318 750 Moysi
1335 667 1446 732 officio

1211 755 1358 822 debellat
1374 755 1482 821 oratio

1209 851 1410 916 bellatorum
1428 851 1539 916 millia.

1429 1010 1451 1072 9

1171 1121 1266 1186 Licet
1282 1121 1358 1186 huic
1374 1121 1525 1187 haereret
1542 1123 1687 1186 mundus

1169 1215 1206 1281 fit
1222 1238 1241 1281 a
1258 1217 1384 1282 mundo
1400 1237 1531 1302 semper
1547 1219 1701 1296 munduS,

1214 1315 1331 1378 mundi
1348 1315 1457 1378 vitans
1473 1314 1554 1378 vitia
1570 1335 1577 1392 ;

1170 1409 1244 1474 Etsi
1262 1409 1406 1474 mundus
1422 1409 1499 1474 huic
1515 1409 1633 1487 arrisit,

1174 1506 1220 1569 illi
1236 1515 1350 1570 tamen
1368 1527 1435 1570 non
1452 1507 1552 1570 irrisit

1214 1621 1301 1665 vana
1317 1601 1433 1666 mundi
1449 1601 1564 1684 gloria.

1426 1759 1465 1806 10

1173 1873 1276 1940 Caelo
1292 1895 1424 1957 semper
1440 1895 1535 1940 mens
1552 1877 1696 1942 intendit

1171 1971 1250 2052 quia
1265 1969 1398 2034 coelebs
1411 1992 1418 2051 ;
1433 1970 1498 2034 hoc
1513 1971 1662 2036 ostendit

1173 2065 1333 2148 splendor
1343 2086 1497 2148 gemmae
1517 2088 1604 2150 quae
1621 2068 1759 2132 descen-

1709 2165 1760 2230 dit

1220 2249 1307 2313 inter
1322 2247 1482 2314 sacrificia
1497 2273 1505 2330 3
1695 2163 1708 2247 [

1176 2345 1266 2410 Huic
1282 2345 1325 2409 de
1339 2345 1432 2410 caelo
1447 2367 1582 2430 gemma
1597 2347 1705 2426 datur,

1173 2441 1230 2524 qui
1247 2461 1306 2522 per
1321 2461 1491 2525 gemmam
1507 2443 1711 2526 designatur,

1173 2546 1274 2619 atque
1290 2557 1445 2620 gemmae
1461 2551 1676 2622 comparatur

1218 2631 1347 2696 ratione
1366 2633 1465 2698 varia.

1429 2779 1463 2825 11

1175 2887 1339 2952 Gemmae
1355 2887 1431 2950 talis
1448 2897 1498 2952 est
1515 2897 1653 2955 natura:

1175 3003 1310 3066 gemma
1327 2983 1432 3067 fulget
1448 2995 1481 3049 et
1495 2995 1545 3050 est
1561 2987 1653 3064 dura,

1179 3092 1212 3147 et
1228 3084 1360 3146 virtutis
1377 3085 1409 3146 in
1427 3105 1462 3147 se
1478 3084 1574 3166 plura

1220 3180 1305 3264 gerit
1321 3179 1483 3244 beneficia
1496 3203 1503 3259 ;

1181 3277 1349 3360 Splendor
1364 3277 1476 3357 signat
1492 3279 1715 3358 sanctitatem,

1177 3376 1237 3439 dat
1253 3372 1423 3454 signorum
1442 3383 1644 3454 potestatem

1176 3471 1291 3544 virtus
1308 3467 1429 3532 mentis
1447 3467 1639 3536 firmitatem

1223 3563 1343 3647 figurat
1360 3565 1491 3632 duritia.

1429 3709 1466 3754 12

1178 3823 1280 3905 Ergo,
1295 3843 1431 3905 gemma
1447 3829 1669 3909 sacerdotum,

1177 3917 1378 3983 famulorum
1397 3922 1474 3984 audi
1492 3933 1631 3990 votum:

1176 4023 1212 4074 ut
1228 4015 1284 4095 qui
1302 4015 1361 4077 tibi
1379 4015 1594 4096 famulantur,

1176 4111 1263 4171 stola
1279 4129 1338 4173 sua
1350 4131 1417 4193 qua
1434 4113 1606 4193 privantur

1220 4206 1458 4286 inobedientia,

1179 4301 1278 4366 Prece
1294 4312 1352 4366 tua
1368 4305 1524 4384 coadiuti,

1175 4396 1242 4459 sint
1258 4419 1277 4460 a
1295 4399 1369 4462 Deo
1387 4399 1540 4480 reinduti,

1177 4503 1213 4556 ut
1229 4515 1305 4557 cum
1323 4496 1520 4578 angelorum
1537 4501 1655 4581 choris,

1175 4590 1295 4653 mortis
1312 4591 1458 4656 absoluti
1476 4593 1555 4658 loris

1216 4686 1400 4752 decantent
1416 4713 1422 4752 :
1447 4689 1595 4756 Alleluia
1611 4695 1617 4756 l

536 4852 745 4902 Manusorits.
769 4847 1030 4900 MONTPELLtuu:
1053 4847 1127 4903 Bibl.
1142 4851 1178 4903 de
1192 4834 1299 4905 l'dcole
1324 4853 1359 4906 de
1375 4855 1533 4923 Medecine,
1548 4869 1590 4926 71,
1613 4858 1711 4915 Missel
1728 4864 1764 4918 de

507 4930 589 4994 Sens,
602 4924 820 4992 xiv⁰·xv⁰siecle,
829 4925 901 4977 ΜΚ.
936 4927 1018 4981 Suus
1031 4947 1036 4981 :
1052 4928 1123 4983 Bibl.
1133 4931 1169 4984 de
1180 4930 1207 4983 la
1220 4931 1302 5000 Ville,
1312 4933 1425 5002 (ro)-r7,
1438 4935 1537 4990 Missel
1547 4937 1582 4991 de
1592 4938 1672 5008 Sens,
1685 4941 1766 5013 piace

505 5007 616 5078 ajoutee
630 5023 665 5060 au
679 5005 747 5058 κνίἰο
757 5005 850 5072 siecle,
866 5005 925 5060 SE.

829 5245 848 5276 θ
