4108 5794
600 485 743 539 PROSAE
769 487 972 540 ECCLESIAE
999 489 1238 542 SENONENSIS
1443 463 1445 468 Ι
1480 487 1549 560 205

332 666 456 732 7Parce
469 663 503 734 (!)
516 664 550 719 P.
566 665 594 720 V.
633 665 724 720 Pasce
737 664 770 734 (!)
783 666 844 721 LG.
877 667 1057 723 Pacem...in
1070 683 1168 723 veram
1182 667 1213 722 T.
1229 666 1332 722 ULB.
1346 667 1409 722 LD.
1444 667 1557 736 Pacem,

296 755 332 816 et,
348 743 432 816 apres
450 753 590 814 grattage,
613 745 687 800 Pace
709 745 773 800 LI).
803 745 888 800 hodie
908 763 1029 802 munera
1045 746 1083 816 (!)
1105 747 1268 802 cluniacen.
1300 764 1403 817 supera
1414 747 1475 802 LG.
1512 764 1556 801 su·

296 842 398 896 prema
410 825 440 878 E
440 825 521 879 dicen.

332 906 347 959 8
366 904 526 973 Theologia
536 905 575 958 X.
592 903 773 957 Lausanmn.
797 904 977 974 Theologare
988 905 1085 960 matha
1097 904 1130 974 (!)
1141 905 1174 960 O.
1188 915 1328 960 remmata
1340 907 1375 962 R.
1387 915 1516 960 reumata
1526 905 1556 958 S.

297 985 429 1040 rithmata
439 985 548 1038 Eduen.
563 983 685 1052 rigmata
695 982 857 1038 Cluniacen.
884 995 983 1040 renata
994 984 1027 1053 (!)
1038 986 1071 1040 P.
1085 995 1239 1055 pneumata
1257 985 1337 1040 W.
1347 986 1407 1040 LG.
1422 987 1558 1039 Senousn.

299 1067 433 1134 Canmeg.
447 1063 759 1118 S.VictorisPan'sien.
780 1065 849 1118 Ord.
864 1065 1026 1118 Trinitatis.
1059 1075 1214 1135 neupmata
1227 1067 1264 1120 X.
1294 1066 1393 1120 timata
1407 1065 1438 1120 U.
1451 1067 1559 1119 Toutes

297 1162 344 1201 ces
357 1144 509 1212 variantes,
529 1143 592 1214 plus
615 1141 790 1198 tantaisistes
812 1143 853 1198 les
871 1161 941 1199 unes
961 1161 1017 1215 que
1030 1146 1072 1199 les
1094 1155 1197 1214 autres,
1220 1144 1354 1200 viennent
1376 1147 1412 1200 de
1430 1161 1462 1200 ce
1475 1145 1558 1216 qu’on

297 1227 342 1278 n'a
361 1241 413 1295 pas
435 1223 559 1294 compris
573 1223 599 1277 le
612 1233 672 1276 mot
696 1223 769 1277 Grec
792 1231 910 1292 ramata,
931 1226 980 1295 qui
999 1236 1043 1280 est
1062 1227 1090 1280 la
1103 1225 1239 1280 veritable
1263 1225 1355 1296 lecon.
1388 1234 1559 1294 concrepent

298 1303 459 1359 cluniacen.
487 1301 614 1373 utrisque
629 1303 661 1356 P.
682 1302 713 1357 U.
728 1302 789 1358 LG.
823 1303 851 1356 in
864 1303 992 1375 utrisque
1008 1305 1036 1358 T
1035 1311 1053 1359 ⁴.

332 1399 350 1452 9
368 1385 485 1439 aethera
498 1383 679 1437 Lausannen.
702 1383 851 1437 aethereas
863 1382 1025 1438 Clamarem.
1051 1395 1136 1456 atque
1146 1383 1241 1438 vincta
1253 1385 1337 1438 P.T².
1363 1394 1449 1454 atque
1457 1391 1560 1437 cuncta

304 1463 623 1518 T.U.X.LB.LD.LG.
651 1471 762 1530 cuncta,
776 1462 887 1533 corrige
900 1480 936 1517 en
950 1474 1018 1518 nata
1031 1465 1088 1519 LC.
1121 1465 1205 1534 ignea
1218 1474 1333 1518 caterva
1347 1463 1488 1518 T.U.LB.
1498 1462 1558 1515 Ll).

299 1544 479 1597 Lausannen.
512 1540 827 1611 igniconia(!)Ecluen.
860 1553 953 1598 turma
973 1543 1014 1599 N.
1031 1545 1063 1599 0.
1080 1543 1204 1614 Q.R.S.
1224 1544 1268 1598 Τ’.
1285 1541 1559 1599 V.X.LG.Eduen.

300 1623 434 1677 Senonen.
457 1621 526 1676 Can.
540 1638 597 1692 reg.
609 1622 640 1676 S.
655 1621 774 1676 Victoris
786 1623 932 1678 Parisien.
955 1623 1022 1678 Ora'.
1034 1625 1198 1678 Trinitatis.

320 1717 352 1756 to
369 1704 452 1756 Tuha
472 1718 597 1772 manque
618 1701 691 1755 dans
706 1701 740 1755 G.
769 1702 867 1757 Turba
876 1703 1059 1758 Lausannen.
1082 1703 1194 1758 iubelea
1205 1703 1243 1757 N.
1257 1702 1289 1756 O.
1302 1703 1333 1772 Q.
1345 1703 1376 1758 S.
1392 1703 1421 1758 V.
1435 1704 1493 1758 LB.
1506 1703 1561 1758 LC.

299 1781 361 1836 LD.
399 1781 592 1852 tympanizent
615 1781 646 1834 Τ.
662 1781 694 1834 U.
711 1781 772 1836 LB.
786 1782 849 1836 LD.
883 1783 1079 1852 symphonizat
1094 1783 1255 1838 Clum'acen.

319 1876 347 1915 11
370 1862 453 1916 Arius
466 1861 499 1929 (!)
513 1861 570 1916 LC.
605 1859 760 1930 verbigena
774 1861 803 1914 S.
812 1861 874 1916 LG.
883 1863 1022 1917 Senoncn.
1048 1864 1221 1931 terrigenam
1239 1862 1269 1915 T.
1286 1860 1316 1914 U.
1332 1861 1391 1916 LB.
1404 1862 1467 1916 LD.
1493 1861 1562 1916 deti-

299 1942 384 1996 nebat
401 1941 434 1996 U.
467 1941 671 2010 detinebatque
695 1939 858 1996 cluniacen.
891 1943 1115 2013 detinebantque
1133 1943 1164 1997 T.
1181 1942 1207 1995 T
1208 1947 1225 1996 ⁴.
1243 1941 1269 1994 V.
1284 1941 1321 1994 X.
1345 1939 1454 1996 Eduen.
1479 1942 1563 1996 Seno-

300 2037 360 2076 nen.
392 2020 611 2090 retinebantque
624 2021 807 2074 Lausannen.
839 2022 1007 2078 drachmam
1020 2039 1143 2093 manque
1158 2022 1230 2076 dans
1246 2021 1278 2077 O.

322 2116 352 2154 12
372 2101 444 2156 Sunt
465 2117 516 2154 vos
534 2099 567 2168 (!)
589 2099 652 2154 LD.
689 2115 742 2153 nos
768 2101 800 2155 G.
814 2101 854 2154 H.
871 2101 902 2156 U.
919 2102 956 2156 X.
982 2102 1125 2170 (Certains
1150 2099 1320 2156 manuscrits
1338 2110 1403 2154 sont
1425 2101 1564 2155 hesitants

303 2191 382 2236 entre
395 2190 551 2235 nosetvos.
579 2179 726 2234 Dememe
735 2181 841 2250 pourle
851 2183 975 2252 premier
984 2193 1044 2238 mot
1054 2184 1090 2238 de
1100 2183 1127 2236 la
1137 2182 1263 2236 clausule
1277 2179 1328 2248 13.)
1357 2180 1482 2234 Michael
1491 2181 1564 2235 caeli

300 2270 413 2331 satrapa
427 2261 487 2314 LG.
513 2259 679 2330 polixedans
694 2259 728 2328 (!)
741 2261 775 2314 G.
798 2261 907 2332 prolixe
915 2263 949 2316 P.
969 2265 1069 2332 polexe
1079 2263 1113 2318 R.
1138 2263 1239 2333 polaxe
1253 2260 1290 2314 N.
1303 2261 1332 2313 S.
1342 2260 1453 2314 Eduen.
1467 2261 1565 2331 polan·

306 2357 336 2395 se
352 2341 384 2395 0.
410 2339 505 2410 polixa
518 2339 555 2393 X.
564 2339 625 2394 LG.
652 2340 762 2409 prolixa
781 2341 809 2397 V.
838 2341 1121 2412 policeLausannen.
1145 2342 1219 2396 dans
1232 2341 1347 2410 nuptias
1360 2341 1394 2394 R.
1418 2339 1517 2410 nuptia
1529 2341 1564 2394 O.

323 2435 353 2488 13
373 2421 432 2474 Vos
442 2420 475 2474 P.
485 2419 519 2488 (i)
532 2420 565 2473 R.
580 2429 608 2474 et
618 2419 701 2489 apres
715 2420 875 2474 correction
890 2421 1022 2477 NosLC.
1057 2421 1130 2476 serre
1147 2422 1189 2475 Ρ.
1224 2419 1465 2490 pollitasEcluen.
1503 2436 1566 2475 cae·

304 2499 371 2554 licas
385 2500 515 2554 officinas
531 2499 574 2553 7³.
591 2499 659 2553 Can.
674 2514 730 2569 reg.
746 2500 775 2554 S.
793 2500 912 2554 Victoris
925 2501 1067 2555 Rarisien.

323 2594 354 2645 14
373 2581 454 2634 Tunc
476 2596 544 2648 ergo
564 2579 599 2632 R.
635 2579 731 2633 vincta
744 2597 867 2649 superna
878 2592 980 2636 cuncta
994 2582 1027 2635 R.
1065 2581 1164 2635 iuncta
1178 2591 1293 2635 caterva
1306 2589 1409 2634 cuncta
1423 2579 1567 2650 phalanga

304 2659 332 2713 S.
347 2660 389 2713 7⁸².
406 2661 473 2713 Can.
486 2675 542 2730 reg.
554 2659 584 2712 S.
600 2658 719 2712 Victoris
732 2659 874 2714 Parisien.
903 2661 971 2715 Ord.
981 2662 1144 2715 Trinitatis.
1188 2661 1344 2730 phalangat
1366 2659 1379 2725 (
1387 2659 1403 2726 i)
1427 2660 1459 2714 0.
1491 2677 1567 2714 nunc

303 2739 452 2794 benedicat
477 2739 538 2793 LG.
586 2738 730 2793 benedicit
759 2739 791 2792 U.
835 2739 957 2794 benedic
980 2741 1092 2794 Eduen.
1138 2751 1269 2796 sanctum
1289 2755 1412 2810 neupma
1435 2740 1468 2794 P.
1480 2739 1515 2794 R.
1525 2740 1567 2810 X.

302 2821 481 2874 lausannen.
504 2828 635 2873 sanctum
651 2819 780 2889 praemia
792 2817 823 2888 (t)
835 2819 946 2874 Eduen.

323 2913 352 2968 15
374 2898 466 2952 Huius
481 2899 515 2953 U.
529 2899 710 2952 Lausannen.
736 2900 923 2970 CuiusqueP.
946 2916 1065 2953 munera
1075 2901 1107 2953 G.
1134 2915 1250 2953 munere
1259 2899 1344 2968 plena
1355 2898 1386 2951 0.
1398 2898 1430 2966 Q.
1450 2913 1566 2952 munere

302 2989 403 3034 cuncta
417 2980 451 3033 R.
465 2979 494 3032 S.
510 2979 553 3032 7²¹.
572 2978 599 3032 V.
610 2979 717 3033 X.LG.
735 2979 917 3033 Lausannen.
943 2981 1078 3034 Senonrn.
1099 2980 1231 3048 Can.reg.
1242 2980 1271 3030 S.
1287 2978 1406 3031 Victon's
1426 2978 1567 3032 Pan'sr'tn.

303 3059 463 3112 cluniacen.
483 3057 551 3112 Ord.
564 3057 725 3112 Trinitatis.
746 3069 862 3128 compto
875 3059 939 3112 LI).
960 3060 1066 3113 textula
1080 3059 1112 3111 R.
1122 3059 1159 3112 X.
1172 3059 1308 3112 Senonen.
1327 3057 1415 3111 rubea
1438 3057 1465 3110 V.
1480 3057 1567 3111 redis·

303 3137 407 3207 pendat
420 3139 495 3194 F.H.
505 3136 543 3206 (i)
563 3137 762 3208 redimpendat
781 3138 811 3192 T.
822 3138 883 3192 LB.
894 3139 958 3192 LD.
978 3138 1135 3208 redipenda
1149 3137 1222 3204 (!)S.
1242 3135 1412 3207 rudipendat
1428 3137 1459 3190 0.
1469 3137 1496 3190 V.
1506 3137 1566 3199 LG.

303 3217 492 3288 rudipendent
504 3217 543 3272 X.
557 3218 696 3273 Senomn.
733 3219 908 3288 rependebat
927 3219 958 3272 U
991 3235 1026 3272 en
1049 3217 1196 3271 armonica
1208 3217 1242 3271 P.
1254 3216 1401 3271 R.T.LB.
1433 3215 1461 3268 in
1474 3233 1566 3270 armo·

303 3296 367 3352 nica
384 3298 421 3352 N.
440 3298 466 3350 T
466 3303 483 3352 ⁴.
504 3297 532 3352 V.
545 3298 577 3350 X
577 3297 649 3351 .LC.
659 3297 722 3351 LD.
736 3298 918 3352 Lausannen.
937 3298 1073 3352 Senonen.
1089 3297 1251 3351 Cluniacen.
1283 3313 1319 3350 en
1336 3295 1466 3350 armonia
1480 3296 1512 3366 Q.
1538 3295 1566 3350 in

305 3378 432 3432 armonia
447 3378 479 3432 G.
493 3377 523 3431 U
539 3377 599 3432 LG.
614 3377 725 3431 Eduen.

326 3457 356 3512 16
377 3458 452 3512 Ecce
465 3457 499 3526 (!)
515 3457 543 3512 V.
574 3457 745 3527 particulata
760 3456 792 3510 G.
807 3455 846 3511 N.
860 3457 894 3510 P.
906 3455 1069 3511 Cluniacen.
1096 3455 1274 3526 particulata,
1285 3464 1321 3520 et,
1341 3453 1429 3522 apres
1439 3465 1570 3524 grattage

306 3537 442 3608 particula
455 3537 512 3591 LC.
545 3547 686 3606 mereatur
699 3537 737 3590 N.
749 3543 781 3606 1,.
811 3553 875 3590 eum
891 3536 919 3590 in
933 3537 993 3590 LG.
1029 3536 1058 3590 in
1072 3537 1144 3589 Eius
1157 3535 1416 3590 aulaLausannen.

328 3631 356 3683 17
376 3618 454 3687 pium
468 3617 597 3671 Pneuma
609 3627 705 3672 mente
722 3615 750 3670 V.
788 3615 936 3688 redempta
949 3627 977 3671 te
990 3615 1162 3670 commendo
1175 3615 1357 3668 Lausannen.
1471 3651 1475 3662 .
1526 3633 1531 3647 ·

325 3698 356 3751 18
375 3697 440 3752 Vite
455 3696 487 3766 (!)
501 3697 534 3750 P.
569 3697 642 3750 Pure
655 3706 791 3751 canentes
806 3695 850 3751 T⁴.
879 3696 1010 3751 canendo
1027 3694 1252 3770 T.U.LB.LD.

341 3827 428 3882 Outre
440 3827 482 3881 les
493 3825 609 3880 Missels
620 3825 765 3894 imprimes
774 3825 922 3880 dontnous
930 3843 1020 3880 avons
1028 3823 1121 3879 releve
1133 3824 1175 3877 les
1183 3821 1335 3892 variantes,
1345 3840 1382 3876 on
1393 3833 1460 3892 peut
1470 3837 1574 3881 encore

304 3909 525 3962 consulterceux
533 3907 570 3962 de
581 3907 659 3976 δέει,
668 3906 704 3961 de
716 3905 818 3976 Senlis,
827 3906 864 3961 de
874 3907 991 3976 Troyes‚
997 3905 1032 3960 de
1041 3907 1179 3973 Toumay
1188 3913 1215 3957 et
1225 3902 1260 3956 de
1273 3903 1455 3957 Fontevrault
1466 3903 1570 3970 (1604).

608 4084 686 4171 136.
719 4077 795 4152 Da
826 4077 1267 4152 evaneamsms.
1363 4133 1367 4140 .

614 4232 625 4277 Ι
1247 4231 1266 4276 2

352 4319 505 4403 Quatuor
520 4328 600 4384 sunt
616 4320 674 4384 uni
690 4319 765 4383 alae
984 4318 1155 4382 Iohannes
1172 4317 1205 4380 in
1222 4317 1381 4400 aquilina,

308 4415 486 4500 faciesque3
515 4435 593 4480 nam
625 4417 714 4480 idern
750 4424 783 4479 et
810 4416 939 4480 cunctis
985 4415 1063 4498 quia
1080 4413 1172 4478 volat
1188 4415 1231 4478 ad
1248 4413 1384 4492 divina;

837 4511 937 4594 quale
983 4511 1091 4574 forma
1109 4509 1219 4573 Lucas
1236 4509 1269 4572 in
1286 4510 1419 4587 bovina,

308 4619 341 4672 et
357 4609 484 4672 dictum
501 4617 552 4673 est
568 4609 719 4692 aequale.
1027 4607 1061 4669 in
1078 4626 1146 4688 quo
1163 4604 1316 4670 Christus
1333 4606 1444 4669 hostia
1461 4627 1467 4683 ;

353 4703 437 4770 Cum
456 4707 593 4784 vadunt,
609 4725 676 4769 non
690 4715 923 4769 revertuntur:
984 4703 1179 4766 Matthaeus
1195 4712 1246 4766 est
1263 4702 1295 4764 in
1312 4701 1472 4778 humana,

355 4821 465 4865 coram
484 4822 519 4865 se
535 4802 618 4866 haec
633 4803 841 4884 gradiuntur,
985 4807 1133 4868 tractans
1148 4797 1295 4862 hominis
1311 4819 1455 4877 arcana;

310 4915 376 4978 quo
391 4899 526 4980 spiritus
543 4896 662 4981 perflat
678 4897 755 4961 illuc
779 4898 937 4961 seruntur.
985 4896 1120 4958 Marcus
1141 4893 1202 4971 leo,
1219 4894 1410 4959 Christiana

319 5021 324 5030 ·
1028 5009 1095 5074 quo
1111 4989 1213 5053 fertur
1229 4989 1377 5055 victoria.
