4096 5794
465 507 534 598 582
743 516 885 572 PROSAE
916 516 1119 568 ECCLESIAE
1150 517 1427 569 CERNELIENSIS

487 721 512 786 5.
540 705 634 788 Quos
650 703 729 784 iugo
744 701 919 765 daemonis
936 700 1116 764 obstrictos
1132 700 1269 766 tenebat
1286 701 1440 766 idolatria
1455 724 1462 780 ;

487 839 514 899 6.
542 835 607 898 Hic
624 831 751 896 athleta
767 831 954 914 praeclarus
970 853 989 895 a
1006 830 1211 913 Gregoriana
1228 832 1384 914 prosapia

488 949 515 1014 7.
541 929 706 993 Nobiliter
723 929 840 1004 editus,
858 929 890 990 in
910 928 972 990 Dei
990 929 1131 991 vacabat
1146 928 1318 1011 obsequia,

491 1067 520 1128 8.
546 1063 637 1144 Ergo
654 1061 826 1144 praeditus
843 1059 935 1142 larga
953 1060 1091 1122 Domini
1109 1059 1228 1142 gratia,

493 1159 553 1224 8b.
579 1159 662 1240 Igne
690 1175 850 1220 accensus
874 1167 975 1239 atque
1002 1157 1204 1234 Pneumatis,
1220 1157 1406 1240 intrepidus
1430 1157 1534 1220 divini
1558 1156 1728 1238 dogmatis

602 1258 730 1320 semina

493 1374 522 1434 9.
547 1355 636 1417 Diva
652 1353 801 1416 barbaris
818 1371 898 1414 voce
918 1351 1049 1434 regibus
1074 1351 1238 1429 fulminat,

493 1451 554 1533 9b.
579 1451 713 1512 Docens
744 1448 873 1530 ligneos
897 1449 978 1510 deos
1013 1448 1111 1525 abici,
1144 1468 1227 1530 quos
1256 1449 1410 1513 manibus
1441 1449 1578 1514 dolosus
1608 1449 1730 1514 artifex

603 1544 757 1618 finxerat,
1107 1561 1109 1565 ’

479 1695 524 1743 1ο.
550 1677 595 1740 Et
612 1677 722 1740 Deum
736 1677 847 1738 vivum
863 1673 972 1737 colere
987 1695 1007 1737 a
1023 1676 1187 1757 principio
1204 1677 1259 1756 qui
1277 1675 1357 1739 vivit
1370 1676 1533 1758 perpetim
1545 1675 1732 1739 dominans.

481 1792 527 1838 11.
553 1773 597 1836 Et
616 1792 702 1849 ecce,
723 1771 798 1834 Deo
822 1770 955 1853 gratias,
975 1771 1081 1852 plebis
1110 1770 1223 1834 feritas
1248 1771 1336 1834 cedit
1359 1792 1473 1854 prona,
1493 1771 1568 1834 Deo
1591 1771 1734 1836 credula.

483 1925 529 1972 12.
553 1906 584 1971 O
607 1924 729 1986 magna
755 1905 818 1966 Dei
836 1903 943 1985 pietas
960 1923 1060 1984 quam
1078 1903 1268 1984 praeclaral

482 2023 518 2068 12
529 2005 559 2068 b.
584 2003 755 2068 O'caelica
765 2002 876 2078 virtus,
891 2001 951 2084 [O]
962 2001 1059 2078 clara,
1071 2022 1157 2084 quae
1169 2001 1286 2064 Zabuli
1301 2001 1370 2063 iura
1387 2001 1588 2064 contriverat
1601 2000 1734 2064 ludicra.

481 2119 526 2182 13.
550 2102 610 2177 Te,
627 2099 767 2174 Christe,
777 2117 857 2179 ergo
868 2097 1022 2179 petimus,
1035 2117 1096 2158 nos
1113 2096 1237 2160 exaudi

483 2215 519 2278 13
531 2198 561 2261 b.
585 2196 678 2259 Tuos
694 2193 837 2257 famulos
856 2213 939 2275 quos
955 2193 1084 2269 creasti,
1102 2201 1137 2256 ut
1154 2192 1255 2256 hodie
1272 2201 1385 2255 nostra
1402 2192 1564 2274 suscipias
1580 2193 1738 2258 carmina.

483 2346 528 2406 14
554 2325 700 2390 Excelsa
723 2334 756 2388 te
772 2344 863 2400 voce,
880 2332 1021 2406 patrone
1039 2323 1238 2406 Augustine,
1260 2343 1435 2406 precamur
1451 2332 1488 2388 ut
1504 2324 1600 2387 nobis
1618 2323 1738 2402 faveas,

483 2437 528 2503 15·
555 2422 607 2484 Ne
623 2421 729 2484 hostis
745 2421 902 2503 antiquus
919 2421 1057 2482 invadat
1073 2419 1173 2482 ovilia
1190 2419 1249 2482 tibi
1266 2440 1286 2482 a
1311 2419 1461 2483 Domino
1484 2421 1633 2501 credita;

485 2556 532 2617 16.
556 2551 623 2617 Sed
641 2562 698 2616 tua
714 2571 773 2632 per
790 2551 908 2614 merita
924 2570 1034 2613 annue
1057 2551 1207 2613 maxima

487 2667 533 2732 17.
557 2649 606 2714 Ut
634 2657 767 2710 nostrae
800 2646 952 2709 miseriae
982 2666 1109 2728 parcas,
1133 2645 1376 2728 indulgentiam
1413 2655 1562 2729 praestes
1585 2668 1644 2729 per
1674 2647 1738 2710 Dei

614 2743 764 2826 gratiam.

520 2897 730 2948 Manuscrlts.
760 2890 876 2945 Prars:
905 2889 978 2944 Bibl.
999 2891 1035 2945 de
1051 2890 1198 2958 l'Arsenal‚
1222 2904 1279 2958 133,
1301 2890 1401 2944 Missel
1422 2889 1589 2944 Benedierin
1614 2889 1743 2959 Anglais,

483 2970 642 3122 xivf-sige,
657 2971 688 3024 0.
720 2969 929 3026 Cantnklnou:
950 2969 1021 3023 Bibl.
1036 2969 1071 3024 de
1084 2968 1274 3037 l’Universite,
1289 2968 1484 3040 sequentiaire
1503 2968 1539 3023 de
1559 2969 1658 3037 Ceme‚
1677 2985 1742 3024 vers

504 3091 506 3098 Α
555 3097 562 3124 ‚
625 3097 630 3109 ,

521 3169 650 3238 5iugum
670 3166 726 3220 Cn.

518 3252 535 3304 6
554 3251 595 3302 Te
608 3249 715 3303 athleta
735 3245 766 3300 O.

520 3333 565 3386 8b
584 3329 680 3384 divina
696 3329 727 3382 O.

520 3426 537 3477 9
557 3409 621 3479 Qua
633 3407 763 3462 barbaris
778 3407 810 3460 O.

508 3505 539 3543 1ο
559 3490 652 3542 Deum
665 3503 762 3541 verum
777 3485 809 3538 0.

509 3584 535 3622 11
561 3567 614 3621 Dei
629 3564 720 3634 gratia
736 3565 766 3619 0.
798 3564 873 3618 cedit
884 3581 971 3634 parva
986 3566 1018 3619 0.

510 3663 540 3703 12
561 3647 615 3701 Dei
631 3647 721 3701 Patris
737 3645 769 3700 0.

511 3733 568 3785 rab
589 3732 669 3782 Nous
682 3727 865 3783 retablissons
879 3725 928 3798 [0]
940 3729 1027 3783 clara.
1061 3727 1174 3783 Caelica
1186 3729 1274 3782 virtus
1287 3745 1354 3783 vera
1368 3729 1399 3782 O.
1432 3728 1492 3784 iure
1504 3729 1560 3783 CB.

511 3826 542 3879 13
561 3813 603 3865 Te
617 3827 684 3879 ergo
698 3808 810 3864 Christe
825 3809 857 3863 0.

512 3892 570 3960 r3b
589 3889 699 3945 cantica
716 3889 748 3944 O.

511 3975 542 4026 16
561 3981 671 4043 pertua
686 3972 729 4025 0..

511 4069 541 4120 17
562 4062 659 4124 parcat
675 4053 706 4106 0.
738 4063 850 4122 praesta
864 4067 985 4122 superna
998 4052 1090 4120 gratia
1103 4053 1134 4106 O.

763 4295 848 4367 415.
882 4275 956 4346 DE
988 4275 1213 4350 SANCTO
1241 4275 1486 4351 ALBANO.

520 4501 543 4548 1.
570 4483 642 4558 Eia,
657 4480 809 4562 gaudens
825 4486 967 4555 caterva,
984 4487 1123 4542 ovanter
1141 4478 1199 4542 eia.

517 4640 542 4685 2.
570 4621 682 4700 Pange
698 4636 819 4681 sonora
836 4616 985 4679 Domino
1001 4617 1140 4695 cantica,
1159 4617 1253 4682 Illius
1269 4629 1302 4682 et
1320 4639 1436 4683 enarra
1452 4618 1621 4700 magnalia
1637 4639 1643 4694 ;

516 4737 541 4800 3.
569 4719 622 4780 Ex
639 4725 713 4779 toto
729 4716 837 4792 corde,
853 4735 896 4778 ex
914 4723 986 4780 tota
1002 4715 1133 4792 virtute,
1149 4737 1192 4778 ex
1209 4724 1282 4780 tota
1298 4717 1411 4779 anima
1428 4715 1562 4780 Christo
1579 4714 1689 4786 iubila,

512 4867 541 4928 4.
565 4847 631 4930 Qui
649 4857 698 4910 est
715 4855 906 4910 sanctorum
923 4845 1001 4922 vita,
1017 4845 1130 4923 virtus,
1146 4845 1260 4928 gloria,
1276 4847 1473 4928 praemium,
1488 4864 1631 4922 corona;

516 4961 541 5038 5.
566 4947 669 5012 Cuius
686 4947 792 5040 pietas
803 4931 901 5041 larga
917 4945 1021 5018 comit
1037 4965 1136 5020 aurea
1154 4944 1326 5020 Albanum
1344 4943 1456 5020 laurea
1472 4965 1479 5034 ξ
