4094 5796
812 500 955 556 PROSAE
982 497 1188 552 ECCLESIAE
1213 491 1441 546 LEODIENSIS

860 703 916 776 59.
950 677 1025 754 oa
1057 671 1395 752 saansaan.

803 855 816 900 1

583 978 708 1046 Psallat
724 995 800 1040 curn
817 972 953 1048 laetitia,

582 1095 702 1142 vocum
719 1069 950 1146 consonantia,

502 1253 505 1260 Ι
582 1174 638 1239 die
653 1171 716 1236 hac
734 1165 895 1232 Ecclesia.

803 1306 822 1356 2

584 1415 706 1484 Omnis
722 1419 837 1476 nostra
853 1407 971 1474 concio

583 1509 707 1596 psallat
722 1525 799 1571 curn
816 1503 964 1587 tripudio

585 1607 628 1672 ad
645 1614 741 1671 tanta
756 1600 933 1667 sollemnia
948 1620 955 1678 ;

585 1706 686 1769 Diem
704 1701 825 1766 festum
842 1696 983 1780 agimus,

585 1801 753 1866 Barbarae
770 1795 949 1862 recolimus

583 1917 677 1962 sacra
694 1892 856 1959 natalitia.

804 2029 820 2094 3

586 2139 681 2203 Haec
698 2132 883 2198 secundum
905 2127 1028 2193 saeculi

504 2273 508 2280 ·
583 2233 797 2316 dignitatem,
813 2225 917 2292 nobili

585 2329 732 2395 nascitur
748 2323 905 2408 prosapia
919 2342 926 2399 ;

505 2469 508 2476 ·
584 2425 716 2490 Videns
732 2417 924 2485 transitoria

586 2520 676 2604 quod
693 2519 737 2581 sit
755 2514 870 2580 mundi
887 2511 1003 2595 gloria,

506 2682 509 2689 .
587 2619 670 2681 haec
686 2613 814 2698 spernit
829 2608 1008 2674 connubia.

804 2749 827 2811 4

505 2929 509 2935 .
588 2865 704 2928 Mente
721 2861 832 2925 Deum
849 2856 1007 2939 concipit,

585 2962 670 3025 duas
686 2958 719 3021 in
736 2957 839 3021 domo
856 2951 1022 3034 conspicit

506 3097 509 3104 ·
587 3057 758 3130 fenestras,
774 3051 832 3115 sed
849 3047 1022 3132 praecipit,

630 3161 666 3214 ut
683 3151 749 3213 iarn
767 3145 825 3210 fiat
841 3143 947 3209 tertia.

588 3246 704 3314 Crucis
721 3243 801 3307 facit
816 3237 1038 3323 signaculum,

589 3344 646 3408 sed
664 3341 726 3405 erit
742 3339 784 3403 ad
803 3333 999 3400 miraculum

589 3440 652 3503 hoc
669 3427 769 3500 omne
785 3453 844 3516 per
860 3428 1029 3494 saeculum

633 3535 666 3597 in
684 3534 787 3597 domo
802 3527 920 3612 patria.

810 3680 824 3748 5

699 3807 819 3872 Planta
834 3822 917 3888 pura

697 3903 735 3968 fit
751 3901 865 3985 figura,

654 4021 741 4065 nova
757 3999 831 4062 sons
848 3997 919 4060 iura

698 4094 810 4172 sumit,
826 4092 922 4176 plura

619 4195 704 4258 dans
720 4190 829 4274 aegris
845 4187 1000 4252 remedia.

1323 827 1430 910 Virgo
1447 825 1540 902 deos,

1324 942 1483 1008 spernens
1499 941 1566 998 eos,

1324 1021 1510 1084 detestatur
1526 1039 1533 1095 ;

1326 1119 1392 1181 iarn
1409 1115 1564 1198 culpatur

1247 1217 1289 1280 de
1304 1214 1450 1280 fenestra
1466 1211 1573 1277 tertia.

1434 1325 1456 1389 6

1215 1453 1417 1518 Trinitatem
1433 1450 1610 1536 profitetur
1624 1469 1633 1529 ;

1217 1551 1309 1616 dolet
1326 1559 1430 1633 pater,
1445 1552 1677 1612 commovetur
1690 1563 1698 1622 ;

1264 1645 1432 1711 evanescit
1448 1643 1536 1720 filia;

1217 1744 1310 1809 Grex
1327 1742 1471 1826 pastoris
1487 1739 1525 1805 fit
1541 1739 1690 1804 locustae
1707 1757 1716 1815 ;

1218 1849 1319 1922 capta
1335 1838 1439 1921 virgo,
1453 1857 1550 1902 caesa
1566 1836 1664 1912 fuste,

1260 1935 1427 2000 clauditur
1442 1935 1476 1998 in
1492 1931 1622 1998 cellula.

1437 2077 1456 2144 7

1221 2193 1294 2258 Iarn
1311 2192 1455 2276 praesidi
1472 2196 1715 2274 praesentatur,

1220 2291 1331 2353 Deum
1348 2308 1463 2352 verum
1481 2293 1696 2370 protestatur,

1220 2386 1413 2450 verberatur
1428 2404 1467 2448 ac
1484 2384 1666 2446 damnatur

1220 2481 1286 2544 iarn
1303 2481 1442 2544 carceris
1459 2478 1621 2542 custodia.

1221 2575 1342 2640 Carcer
1358 2573 1549 2658 resplendet
1565 2573 1699 2650 lumine,

1221 2681 1318 2736 sanat
1330 2671 1423 2734 Deus
1445 2669 1562 2754 plagas
1580 2670 1613 2734 in
1633 2669 1762 2752 virgine

1219 2769 1346 2851 absque
1363 2765 1428 2830 fine
1445 2767 1477 2829 in
1495 2765 1677 2829 certamine

1219 2864 1303 2928 haec
1319 2865 1462 2927 devovet
1477 2859 1655 2944 sculptilia.

1438 2985 1457 3045 8

1220 3097 1279 3160 Isti
1296 3095 1383 3159 latus
1400 3093 1557 3177 aperitur,

1221 3192 1342 3256 ardens
1358 3191 1488 3272 lampas
1505 3189 1697 3272 apponitur,

1307 3286 1382 3370 plus
1399 3286 1544 3368 punitur,

1308 3401 1385 3445 nam
1403 3381 1557 3444 tunditur

1221 3486 1333 3559 caput,
1349 3484 1547 3540 truncantur
1563 3475 1674 3538 ubera.

1222 3575 1293 3638 lam
1311 3575 1438 3639 nudata
1455 3573 1612 3655 agitatur,

1219 3671 1284 3735 Dei
1301 3669 1388 3734 stola
1406 3669 1471 3732 iarn
1488 3669 1627 3746 velatur,

1307 3765 1502 3841 decollatur,

1306 3864 1512 3944 deportatur,

1265 3959 1307 4024 ad
1325 3980 1429 4042 regna
1444 3958 1610 4024 caelestia.

1438 4093 1460 4160 9

1158 4185 1248 4250 Hinc
1265 4194 1401 4249 aeterna
1417 4183 1484 4248 sint
1501 4183 1597 4247 nobis
1613 4184 1745 4267 gaudia.

537 4350 748 4405 Manuaorlts.
776 4343 891 4397 Parus:
910 4341 982 4395 Bibl.
1005 4339 1159 4407 Mazarine‚
1181 4353 1242 4408 433,
1266 4338 1367 4392 Missel
1394 4337 1430 4391 de
1445 4338 1539 4407 Liege,
1553 4343 1600 4390 xv‘
1613 4335 1707 4406 siecle,
1727 4335 1761 4392 B.

501 4432 732 4486 Saonvuunsr:
747 4421 862 4491 college
870 4422 921 4476 des
934 4420 1065 4490 Jesuites,
1076 4431 1115 4487 rv,
1127 4419 1227 4474 Missel
1237 4418 1272 4472 de
1285 4417 1379 4487 Liege,
1391 4431 1466 4485 1472,
1479 4417 1535 4471 ST.
1558 4418 1758 4472 Bnuxuuuas:

501 4510 573 4564 Bibl.
589 4509 668 4574 Roy,
686 4505 779 4572 18125,
794 4501 894 4556 Missel
908 4501 944 4555 de
959 4498 1137 4566 Maastricht,
1153 4516 1215 4552 vers
1232 4513 1240 4550 r
1249 4510 1308 4566 500,
1322 4496 1380 4551 BC.

537 4590 618 4644 Cette
631 4588 720 4639 Prose
732 4599 763 4636 se
776 4593 876 4637 trouve
889 4580 1036 4650 imprimee
1049 4579 1121 4633 dans
1134 4579 1174 4632 Le
1187 4579 1297 4646 Beffroi
1308 4575 1429 4645 (dapres
1452 4577 1478 4630 le
1501 4577 1601 4632 Missel
1623 4578 1660 4631 de
1675 4576 1761 4644 Liege

500 4672 535 4725 de
552 4666 638 4734 1486),
655 4675 722 4719 torn.
739 4675 777 4730 1V,
792 4679 818 4732 p.
833 4677 875 4731 29,
893 4663 1013 4729 Bruges,
1034 4659 1109 4727 1872,
1124 4658 1196 4712 ainsi
1217 4674 1271 4728 que
1289 4657 1361 4710 dans
1379 4657 1585 4725 MILcHSAcK,
1605 4657 1719 4726 Hymni
1735 4659 1764 4709 et

502 4747 676 4819 Sequentiaa
686 4761 712 4814 p.
721 4743 760 4796 16.

538 4861 553 4913 3
567 4862 584 4898 e
615 4841 671 4898 sint
684 4837 783 4892 mundi
796 4837 900 4906 gaudia
913 4835 1042 4890 Leodm

537 4939 587 4991 4a
616 4916 1102 4987 Unesyllabemanqueacevers.
1136 4917 1157 4966 h
1191 4914 1257 4968 Une
1271 4912 1379 4982 syllabe
1393 4913 1592 4982 manqueace
1605 4929 1677 4968 vers.

540 5017 553 5078 5
574 5003 657 5058 Cette
670 4998 786 5071 strophe
799 5005 841 5052 est
855 5011 1031 5074 corrompue,
1044 5003 1073 5048 et
1086 4993 1105 5046 il
1119 5009 1191 5049 nous
1204 5002 1247 5047 est
1261 4990 1426 5072 impossible
1439 4991 1476 5052 de
1488 4991 1516 5050 la
1528 4993 1651 5056 retablir,
