4116 5784
484 466 556 557 360
750 481 892 534 mosas
919 483 1121 538 sccuasma
1148 489 1284 541 sanem
1312 493 1483 546 monusu

729 679 811 751 250.
844 656 942 728 uu:
977 657 1036 732 111
1068 659 1498 739 assu-nmmum.

787 901 799 946 1

524 989 632 1065 Salve,
648 995 764 1052 sancta
781 987 845 1050 Dei
861 1007 991 1070 parens,

524 1089 618 1169 virga
635 1085 733 1160 Iesse,
750 1082 810 1146 flos
828 1101 894 1146 non
911 1103 1016 1163 arens,

566 1185 634 1248 veri
652 1181 740 1247 Solis
758 1182 847 1264 regia
862 1204 869 1259 ;

525 1283 647 1346 Forma
663 1279 760 1357 vitae,
778 1279 850 1344 lons
866 1280 1005 1358 virtutis,

523 1387 619 1461 porta
635 1377 726 1452 lucis,
742 1395 817 1458 spes
833 1374 959 1452 salutis,

568 1472 662 1535 vallis
679 1481 811 1536 nostrae
826 1471 940 1554 gloria.

787 1593 805 1638 2

527 1681 647 1745 Mundi
663 1681 766 1758 iubar,
781 1678 878 1744 stella
894 1681 1003 1756 maris,

525 1780 585 1841 lux
602 1776 812 1860 praefulgens
828 1775 1003 1859 singularis

569 1875 638 1936 iure
653 1871 815 1956 privilegii
831 1893 839 1950 ;

526 1973 634 2052 Virgo
650 1969 791 2051 gignens
807 1965 1011 2044 Genitorem,

526 2067 605 2129 luna
621 2063 748 2128 mundo
763 2064 848 2127 dans
863 2062 1075 2146 splendorem

567 2162 610 2226 de
626 2161 804 2245 splendore
820 2160 904 2224 Filii.

570 2369 656 2453 Spes
672 2281 809 2432 humarli
826 2367 965 2452 generis,

569 2465 757 2530 sanctitatis
772 2465 954 2549 speculum,

569 2563 684 2626 Archa
700 2563 775 2625 novi
793 2561 943 2639 foederis,

570 2679 675 2723 novae
691 2659 782 2740 pacis
798 2657 975 2722 vinculum.

528 2869 589 2930 Per
605 2876 647 2944 te,
663 2867 778 2949 Virgo,
785 2780 992 2930 lelormatur

569 2964 634 3027 Dei
650 2984 721 3047 pax
737 2973 771 3027 et
786 2963 969 3040 hominum,

1146 887 1215 969 ‚Per
1231 897 1264 952 te
1280 890 1408 954 mundo
1423 888 1512 954 salus
1528 891 1627 955 datur

1196 991 1228 1046 et
1245 984 1376 1047 medela
1391 985 1577 1052 criminum.

1415 1129 1430 1195 5

1154 1227 1216 1290 Per
1231 1235 1264 1292 te
1280 1229 1368 1294 cedit
1383 1228 1489 1294 hostis
1505 1231 1620 1310 victus,

1152 1321 1219 1385 coit
1235 1322 1353 1387 vulnus
1370 1333 1403 1389 et
1419 1325 1563 1390 inflictus

1194 1415 1274 1482 olim
1290 1419 1387 1483 dolor
1401 1421 1535 1485 exsulat
1547 1443 1555 1502 ;

1157 1515 1258 1581 Cadit
1273 1525 1445 1581 accusator
1460 1517 1608 1596 fratrum,

1155 1621 1188 1676 et
1205 1611 1237 1674 in
1255 1611 1364 1676 lacurn
1382 1613 1502 1678 missus
1517 1623 1625 1681 atrurn

1197 1709 1299 1772 draco
1315 1727 1456 1791 magnus
1473 1710 1583 1776 eiulat.

1414 1843 1435 1904 6

1157 1957 1266 2039 Virgo
1281 1965 1396 2034 mater,
1413 1967 1519 2022 mater
1535 1959 1610 2039 Dei,

1200 2063 1306 2116 mater
1323 2053 1508 2136 Unigeniti,

1151 2149 1202 2213 Te
1217 2147 1403 2226 laudamus,
1418 2151 1571 2232 quamvis
1587 2153 1642 2229 rei,

1197 2265 1254 2328 per
1271 2254 1304 2308 te
1321 2243 1395 2308 Deo
1410 2245 1524 2327 geniti.

1415 2381 1434 2446 7

1154 2477 1224 2544 Ora
1242 2479 1383 2556 Patrem,
1398 2499 1457 2542 ora
1474 2479 1612 2559 Natum,

1155 2583 1305 2638 nostrum
1321 2573 1418 2638 tollat
1434 2583 1470 2638 ut
1487 2585 1614 2641 reatum

1198 2678 1231 2733 et
1247 2667 1426 2732 clementer
1441 2669 1560 2748 deleat,

1156 2766 1213 2844 Ut,
1230 2772 1306 2848 post
1322 2783 1407 2828 onus
1423 2765 1599 2845 servitutis,

1155 2861 1315 2926 libertatis
1331 2880 1370 2924 ac
1386 2859 1503 2925 salutis

1196 2968 1290 3040 porta
1307 2956 1403 3019 nobis
1419 2966 1541 3038 pateat

517 3138 709 3190 Manuscrlt.
733 3135 847 3189 Panis:
873 3134 944 3188 Bibl.
961 3135 1035 3201 Nat,
1052 3145 1127 3200 1107,
1150 3131 1248 3185 Missel
1271 3129 1308 3184 de
1327 3129 1457 3198 l¹abbaye
1479 3130 1516 3186 de
1534 3131 1739 3204 Saint-Denys,

482 3213 642 3283 xivesiecle,
656 3215 699 3269 M.

521 3363 586 3416 Une
599 3361 676 3416 main
690 3362 727 3416 du
742 3361 801 3416 κίἰίο
811 3361 896 3416 siecle
909 3379 926 3416 a
939 3361 1017 3430 ecrit,
1031 3378 1099 3416 avec
1113 3377 1168 3414 une
1181 3358 1274 3429 legere
1284 3357 1420 3425 variante,
1432 3355 1450 3422 (
1453 3357 1541 3411 Salve
1550 3365 1647 3413 sancta
1654 3359 1740 3414 Verbi

476 3447 592 3513 parens,
607 3445 694 3512 virga
707 3442 793 3510 lesse)
805 3441 969 3511 l’incipr'tde
982 3451 1057 3496 cette
1077 3443 1164 3496 Prose
1174 3440 1246 3494 dans
1260 3438 1286 3491 le
1300 3436 1400 3491 Missel
1414 3435 1451 3491 de
1465 3437 1491 3490 N
1495 3455 1576 3494 euers
1598 3439 1647 3508 qui
1659 3449 1739 3509 porte

482 3524 499 3575 a
513 3523 540 3576 la
554 3521 752 3592 Bibliotheque
776 3521 930 3576 Nationale
949 3520 985 3576 de
1007 3521 1087 3576 Paris
1100 3522 1127 3576 le
1149 3527 1267 3588 n⁰1235‚
1281 3517 1426 3572 nouvelles
1439 3517 1632 3588 acquisitions.
1668 3520 1738 3574 Mal·

481 3603 698 3658 heureusement
711 3602 764 3655 elle
778 3602 840 3656 n’en
854 3617 871 3655 a
884 3617 936 3671 pas
950 3601 1081 3656 transcrit
1095 3603 1121 3656 le
1135 3611 1209 3656 texte
1223 3599 1320 3654 entier.

797 3837 879 3908 251·
912 3816 985 3888 DE
1021 3817 1207 3890 BEATA
1239 3817 1434 3893 MARIA.

792 4001 802 4046 l

658 4097 757 4162 Salve
773 4098 870 4162 stella

658 4194 772 4257 mundi
791 4193 931 4271 Lumen,

657 4289 747 4352 salve
763 4289 846 4352 cella

655 4383 767 4447 celans
784 4385 929 4462 Numen,

568 4481 667 4555 salve,
683 4481 785 4544 decus
800 4480 925 4562 gloriae
944 4505 951 4560 ;

656 4575 822 4658 Splendor
839 4597 945 4640 rerum

654 4682 686 4736 et
703 4691 873 4748 cacumen,

655 4791 711 4834 uas
728 4771 902 4848 sincerum,
960 4777 972 4802 ·’

654 4867 728 4931 lons
744 4877 777 4932 et
794 4867 917 4930 flumen

569 4976 755 5036 aromatum
772 4967 907 5054 gratiae.

1416 4005 1435 4050 2

1201 4101 1232 4166 O
1249 4101 1400 4166 caelestis
1418 4101 1527 4185 Figuli

1199 4217 1257 4262 vas
1273 4197 1503 4275 desiderabile,

1199 4293 1271 4357 Vas
1289 4293 1438 4358 medelae
1454 4293 1587 4371 saeculi,

1198 4409 1256 4453 vas
1272 4390 1402 4466 decens,
1419 4410 1477 4453 vas
1493 4388 1594 4453 utile!

1418 4550 1434 4612 3

1197 4675 1228 4740 O
1248 4675 1365 4748 Maria,
1381 4673 1489 4756 gratia

1195 4770 1294 4852 plena
1311 4769 1426 4834 Sancti
1445 4769 1599 4854 Spiritus,

1199 4865 1279 4928 Dux
1298 4865 1329 4928 in
1347 4866 1400 4929 via
1416 4867 1560 4949 praevia,

1199 4961 1259 5026 lux
1275 4961 1487 5048 praefulgens
1502 4963 1650 5029 caelitus.
