4102 5792
641 545 783 595 PROSAE
812 542 1016 596 ECCLESIAE
1044 539 1285 592 REDONENSIS

362 739 372 779 r
388 729 409 780 d
441 722 555 780 civitate
569 723 646 778 Sena
658 722 797 778 Redonen.

1507 543 1576 611 44ι

360 818 374 871 7
388 821 409 859 a
440 805 481 860 Ut
494 803 602 857 nullum
617 802 763 870 Rationem,
777 800 827 855 iait
840 817 877 855 un
888 817 951 854 vers
965 799 1038 853 faux.

360 885 376 939 8
396 886 419 938 ll
433 902 450 954 y
463 900 480 938 a
493 884 567 938 dans
579 883 717 936 Redonen.
731 899 787 936 une
799 879 987 936 interversion
1000 887 1079 932 entre
1091 878 1133 932 les
1154 877 1224 932 trois
1236 876 1363 934 demiers
1376 893 1438 934 vers
1450 877 1487 933 de
1508 887 1581 934 cette

326 965 440 1034 strophe
452 971 480 1018 et
493 963 534 1018 les
548 971 647 1034 quatre
660 960 797 1032 premiere
810 961 846 1016 de
859 960 886 1014 la
896 959 1013 1028 strophe
1025 973 1049 1024 9.

346 1058 378 1097 ιο
389 1061 407 1098 c
440 1043 569 1097 Christus
582 1041 616 1110 (l)
629 1040 820 1112 remissasque
834 1039 970 1111 Redonen.

632 1369 713 1459 308.
746 1365 821 1438 DE
851 1363 1076 1438 snncrn
1109 1361 1286 1435 chrn.

636 1631 647 1676 1

372 1733 790 1817 Recolamus'gratulando

413 1829 511 1894 huius
527 1830 602 1894 sesti
619 1832 750 1913 gaudia,

372 1925 447 2010 Qua
464 1927 569 1991 Lucia
584 1929 825 2011 triumphando

413 2023 514 2086 subiit
530 2023 694 2087 caelestia.

633 2156 650 2202 2

377 2255 505 2320 Plectro
521 2257 681 2322 chordam
698 2260 861 2324 castitatis

415 2363 534 2434 tangat
550 2355 701 2418 armonia

376 2447 419 2512 Et
435 2447 572 2512 resultet
589 2448 699 2513 bacin
718 2450 816 2514 laude

417 2538 523 2606 dulcis
538 2543 750 2627 symphonia.

636 2681 652 2743 3

376 2775 498 2838 Psallat
515 2777 635 2840 chorus
651 2778 849 2842 alternando

376 2890 534 2954 mensque
551 2893 633 2953 pura
649 2875 867 2938 consonando

417 2977 582 3049 tympano
598 2978 631 3030 et
647 2968 795 3049 cythara,

376 3060 494 3124 Grates
511 3063 596 3145 Regi
614 3061 748 3127 Christo
764 3065 871 3128 solvat

374 3157 455 3220 etin
473 3157 606 3221 laudem
624 3180 659 3220 se
676 3161 823 3224 revolvat

416 3253 508 3316 omni
525 3254 558 3316 in
577 3254 729 3318 melodia.

375 3485 505 3568 Martyr
521 3487 577 3569 pia
595 3488 709 3551 matris
726 3487 854 3552 fluxum

418 3601 552 3664 precum
570 3591 667 3646 sanat
683 3583 802 3661 hostia,

377 3677 466 3740 Dum
484 3677 652 3740 carnalem
669 3681 806 3762 tempsit
824 3681 942 3744 luxum

417 3772 506 3834 vitae
522 3773 607 3836 dans
624 3773 751 3837 solatia.

638 3907 653 3972 5

377 4010 475 4074 Hanc
491 4013 625 4093 gentilis
642 4011 822 4074 adamabat

417 4107 554 4188 quidam
572 4127 631 4190 spe
648 4105 781 4183 nefaria,

378 4201 488 4264 Huius
505 4214 651 4267 mentem
668 4202 861 4284 captivabat

417 4299 520 4361 stulta
536 4299 756 4362 vehementia.

635 4421 656 4480 6

376 4535 465 4601 Colit
483 4537 581 4601 Illum
600 4541 632 4601 in
650 4559 750 4622 quem
767 4540 884 4616 credit,

374 4633 466 4694 cuius
484 4643 629 4697 mentem
649 4656 819 4718 nunquam
839 4635 942 4700 laedit

416 4729 524 4790 carnis
541 4732 727 4810 petulantia
744 4753 751 4808 ;

1263 1627 1282 1690 7

1000 1733 1055 1796 Ad
1072 1733 1154 1796 haec
1172 1751 1315 1814 sponsus
1332 1729 1499 1804 invitatur,

1001 1849 1060 1912 spe
1075 1829 1211 1891 delusus
1226 1827 1394 1890 animatur

1043 1925 1106 1987 sub
1121 1944 1203 1987 voce
1218 1921 1369 1996 nutricia,

1002 2022 1116 2087 Credit
1132 2021 1250 2084 subtus
1265 2029 1299 2082 et
1315 2016 1458 2081 intendit

1002 2117 1073 2180 loro
1089 2125 1180 2180 totus
1196 2116 1276 2178 dum
1293 2111 1469 2196 perpendit

1045 2212 1159 2274 divina
1176 2209 1344 2291 mysteria.

1264 2323 1282 2382 8

1006 2435 1209 2518 Impulsatur
1225 2433 1266 2496 ad
1285 2451 1433 2494 amorem

1003 2551 1038 2593 se
1054 2529 1215 2593 reducens
1232 2527 1264 2590 in
1281 2527 1431 2590 dolorem

1047 2633 1233 2690 commutat
1249 2617 1427 2707 sponsalia,

1004 2723 1088 2785 Mox
1107 2741 1221 2784 amore
1238 2717 1425 2802 flagellatur

1004 2837 1064 2881 nec
1082 2815 1255 2880 marcescit
1272 2823 1308 2877 ut
1324 2813 1476 2876 vincatur

1047 2913 1117 2975 eius
1134 2911 1303 2993 pudicitia.

1265 3040 1286 3106 9

1007 3138 1136 3200 Perstat
1152 3137 1247 3217 virgo
1263 3133 1332 3198 fixa
1348 3133 1420 3198 solo

1004 3251 1064 3295 nec
1081 3241 1233 3296 movetur
1248 3231 1387 3294 haerens
1405 3227 1505 3310 polo;

1047 3327 1142 3410 plebs
1158 3335 1271 3408 stupet
1286 3326 1469 3390 innumera.

1005 3423 1160 3487 Flectunt
1177 3421 1271 3488 sunes
1287 3431 1321 3486 et
1337 3419 1514 3503 impellunt

1004 3519 1045 3582 ad
1064 3519 1204 3602 lupanar
1219 3538 1280 3582 nec
1296 3516 1442 3580 evellunt
1490 3572 1493 3580 ,
1561 3545 1566 3558 ·

1033 3615 1172 3678 ,[υοίεε
1190 3613 1330 3695 fastigia.

1259 3742 1297 3788 10

1050 3839 1154 3903 Velut
1171 3858 1267 3902 mons
1284 3835 1467 3900 immobilis

1051 3944 1164 4001 manet
1181 3931 1373 3997 inflexibilis

1007 4031 1151 4112 Spiritus
1169 4029 1284 4096 Sancti
1301 4029 1410 4110 gratia
1426 4051 1432 4106 ;

1006 4126 1201 4208 Agonizans
1217 4125 1324 4188 donec
1341 4122 1436 4186 lictor

1005 4241 1117 4285 ensem
1135 4219 1252 4296 vibrat,
1268 4238 1328 4281 nec
1345 4217 1382 4280 fit
1398 4219 1503 4282 victor

1049 4317 1185 4400 virginis
1202 4317 1234 4378 in
1252 4315 1384 4378 viscera.

1261 4444 1294 4489 11

1008 4541 1063 4604 Sic
1080 4539 1228 4622 persistit
1243 4537 1350 4602 donec
1366 4558 1487 4620 corpus

1007 4636 1068 4700 sibi
1087 4637 1186 4698 datur
1204 4655 1262 4717 per
1277 4635 1368 4717 quod
1386 4635 1522 4698 morbus

1050 4731 1185 4814 pellitur
1201 4740 1234 4794 et
1250 4730 1400 4806 crimina,

374 4822 539 4887 Mundum
556 4829 683 4907 spernit
700 4846 799 4910 quern
817 4828 957 4890 transire
1005 4827 1036 4892 Ο
1054 4825 1244 4908 praecelsae
1261 4826 1470 4901 resvirtutis,

373 4919 621 5003 contemplatur
637 4943 675 4986 ac
693 4923 819 5005 perire:

417 5015 606 5080 venduntur
623 5028 656 5082 et
673 5017 816 5101 praedia.

1007 4921 1115 4988 Olux
1131 4920 1240 4985 clarae
1258 4921 1440 4986 iuventutis
1498 4937 1500 4942 ·

1049 5017 1192 5082 vincitur
1208 5039 1226 5080 a
1244 5017 1376 5082 femina.
