<?xml version="1.0" encoding="UTF-8"?>
<!DOCTYPE html PUBLIC "-//W3C//DTD XHTML 1.0 Transitional//EN"
    "http://www.w3.org/TR/xhtml1/DTD/xhtml1-transitional.dtd">
<html xmlns="http://www.w3.org/1999/xhtml" xml:lang="en" lang="en">
 <head>
  <title>
</title>
<meta http-equiv="Content-Type" content="text/html;charset=utf-8" />
  <meta name='ocr-system' content='tesseract 3.04.00' />
  <meta name='ocr-capabilities' content='ocr_page ocr_carea ocr_par ocr_line ocrx_word'/>
</head>
<body>
  <div class='ocr_page' id='page_1' title='image "./analectaliturgi00wealgoog/analectaliturgi00wealgoog_0436.png"; bbox 0 0 4102 5792; ppageno 0'>
   <div class='ocr_carea' id='block_1_1' title="bbox 479 546 1568 618">
    <p class='ocr_par' dir='ltr' id='par_1_1' title="bbox 479 546 1568 618">
     <span class='ocr_line' id='line_1_1' title="bbox 479 546 1568 618; baseline 0.002 -22"><span class='ocrx_word' id='word_1_1' title='bbox 479 548 620 598; x_wconf 80' lang='lat' dir='ltr'>PROSAE</span> <span class='ocrx_word' id='word_1_2' title='bbox 648 547 851 599; x_wconf 81' lang='lat' dir='ltr'><strong>ECCLESIAE</strong></span> <span class='ocrx_word' id='word_1_3' title='bbox 878 548 906 596; x_wconf 88' lang='lat' dir='ltr'><strong>S.</strong></span> <span class='ocrx_word' id='word_1_4' title='bbox 929 546 1116 598; x_wconf 88' lang='lat' dir='ltr'>STEPHANI</span> <span class='ocrx_word' id='word_1_5' title='bbox 1144 546 1391 598; x_wconf 87' lang='lat' dir='ltr'>DIVIONENSIS</span> <span class='ocrx_word' id='word_1_6' title='bbox 1495 551 1568 618; x_wconf 84' lang='lat'><strong>429</strong></span> 
     </span>
    </p>
   </div>
   <div class='ocr_carea' id='block_1_2' title="bbox 334 727 1400 908">
    <p class='ocr_par' dir='ltr' id='par_1_2' title="bbox 334 727 1400 908">
     <span class='ocr_line' id='line_1_2' title="bbox 334 727 1218 812; baseline -0.007 -18"><span class='ocrx_word' id='word_1_7' title='bbox 334 732 362 794; x_wconf 89' lang='lat'><strong>6.</strong></span> <span class='ocrx_word' id='word_1_8' title='bbox 387 729 554 812; x_wconf 87' lang='lat' dir='ltr'><strong>Angelico</strong></span> <span class='ocrx_word' id='word_1_9' title='bbox 572 729 689 791; x_wconf 90' lang='lat' dir='ltr'><strong>nuntio</strong></span> <span class='ocrx_word' id='word_1_10' title='bbox 706 728 923 811; x_wconf 85' lang='lat' dir='ltr'>gravidantur</span> <span class='ocrx_word' id='word_1_11' title='bbox 941 727 1067 790; x_wconf 88' lang='lat' dir='ltr'><strong>Mariae</strong></span> <span class='ocrx_word' id='word_1_12' title='bbox 1083 727 1218 802; x_wconf 91' lang='lat' dir='ltr'><strong>viscera,</strong></span> 
     </span>
     <span class='ocr_line' id='line_1_3' title="bbox 335 823 1400 908; baseline -0.001 -19"><span class='ocrx_word' id='word_1_13' title='bbox 335 843 362 908; x_wconf 92' lang='lat'><strong>7.</strong></span> <span class='ocrx_word' id='word_1_14' title='bbox 388 827 518 890; x_wconf 90' lang='lat' dir='ltr'><strong>Pavens</strong></span> <span class='ocrx_word' id='word_1_15' title='bbox 534 845 572 887; x_wconf 91' lang='lat' dir='ltr'><strong>ac</strong></span> <span class='ocrx_word' id='word_1_16' title='bbox 590 824 763 906; x_wconf 90' lang='lat' dir='ltr'><strong>perterrita</strong></span> <span class='ocrx_word' id='word_1_17' title='bbox 781 843 952 905; x_wconf 90' lang='lat' dir='ltr'><strong>nunquam</strong></span> <span class='ocrx_word' id='word_1_18' title='bbox 971 842 1068 885; x_wconf 93' lang='lat' dir='ltr'><strong>nosse</strong></span> <span class='ocrx_word' id='word_1_19' title='bbox 1084 842 1120 885; x_wconf 92' lang='lat' dir='ltr'><strong>se</strong></span> <span class='ocrx_word' id='word_1_20' title='bbox 1135 823 1241 886; x_wconf 91' lang='lat' dir='ltr'><strong>virum</strong></span> <span class='ocrx_word' id='word_1_21' title='bbox 1259 823 1400 888; x_wconf 87' lang='lat' dir='ltr'>dixerat.</span> 
     </span>
    </p>
   </div>
   <div class='ocr_carea' id='block_1_3' title="bbox 335 961 1569 1046">
    <p class='ocr_par' dir='ltr' id='par_1_3' title="bbox 335 961 1569 1046">
     <span class='ocr_line' id='line_1_4' title="bbox 335 961 1569 1046; baseline -0.003 -14"><span class='ocrx_word' id='word_1_22' title='bbox 335 971 363 1033; x_wconf 88' lang='lat'><strong>8.</strong></span> <span class='ocrx_word' id='word_1_23' title='bbox 387 968 443 1031; x_wconf 85' lang='lat' dir='ltr'><strong>Ad</strong></span> <span class='ocrx_word' id='word_1_24' title='bbox 460 967 542 1030; x_wconf 93' lang='lat' dir='ltr'><strong>haec</strong></span> <span class='ocrx_word' id='word_1_25' title='bbox 559 966 695 1029; x_wconf 91' lang='lat' dir='ltr'><strong>nuntius</strong></span> <span class='ocrx_word' id='word_1_26' title='bbox 721 964 809 1027; x_wconf 92' lang='lat' dir='ltr'><strong>illico</strong></span> <span class='ocrx_word' id='word_1_27' title='bbox 837 963 975 1046; x_wconf 90' lang='lat' dir='ltr'><strong>protulit</strong></span> <span class='ocrx_word' id='word_1_28' title='bbox 999 962 1099 1027; x_wconf 90' lang='lat' dir='ltr'><strong>talia:</strong></span> <span class='ocrx_word' id='word_1_29' title='bbox 1125 966 1140 994; x_wconf 89' lang='lat'>“</span> <span class='ocrx_word' id='word_1_30' title='bbox 1157 961 1286 1040; x_wconf 85' lang='lat' dir='ltr'>Gaude,</span> <span class='ocrx_word' id='word_1_31' title='bbox 1311 963 1429 1041; x_wconf 91' lang='lat' dir='ltr'><strong>Maria,</strong></span> <span class='ocrx_word' id='word_1_32' title='bbox 1454 964 1569 1030; x_wconf 88' lang='lat' dir='ltr'><strong>Sancti</strong></span> 
     </span>
    </p>
   </div>
   <div class='ocr_carea' id='block_1_4' title="bbox 334 1058 1570 1334">
    <p class='ocr_par' dir='ltr' id='par_1_4' title="bbox 334 1058 1570 1334">
     <span class='ocr_line' id='line_1_5' title="bbox 443 1058 1243 1145; baseline -0.01 -17"><span class='ocrx_word' id='word_1_33' title='bbox 443 1062 587 1145; x_wconf 87' lang='lat' dir='ltr'><strong>Spiritus</strong></span> <span class='ocrx_word' id='word_1_34' title='bbox 603 1061 785 1124; x_wconf 88' lang='lat' dir='ltr'><strong>altithrona</strong></span> <span class='ocrx_word' id='word_1_35' title='bbox 802 1079 883 1122; x_wconf 88' lang='lat' dir='ltr'><strong>mox</strong></span> <span class='ocrx_word' id='word_1_36' title='bbox 900 1058 1111 1140; x_wconf 86' lang='lat' dir='ltr'><strong>superveniet</strong></span> <span class='ocrx_word' id='word_1_37' title='bbox 1126 1059 1243 1140; x_wconf 86' lang='lat' dir='ltr'><strong>gratia,</strong></span> 
     </span>
     <span class='ocr_line' id='line_1_6' title="bbox 334 1153 1570 1240; baseline -0.005 -16"><span class='ocrx_word' id='word_1_38' title='bbox 334 1179 361 1240; x_wconf 91' lang='lat'><strong>9.</strong></span> <span class='ocrx_word' id='word_1_39' title='bbox 388 1159 431 1223; x_wconf 90' lang='lat' dir='ltr'><strong>Et</strong></span> <span class='ocrx_word' id='word_1_40' title='bbox 448 1160 570 1222; x_wconf 90' lang='lat' dir='ltr'><strong>virtute</strong></span> <span class='ocrx_word' id='word_1_41' title='bbox 587 1157 652 1220; x_wconf 90' lang='lat' dir='ltr'><strong>Dei</strong></span> <span class='ocrx_word' id='word_1_42' title='bbox 669 1155 847 1238; x_wconf 84' lang='lat' dir='ltr'><strong>repleberis</strong></span> <span class='ocrx_word' id='word_1_43' title='bbox 863 1155 1034 1230; x_wconf 89' lang='lat' dir='ltr'><strong>altissima,</strong></span> <span class='ocrx_word' id='word_1_44' title='bbox 1050 1164 1086 1218; x_wconf 94' lang='lat' dir='ltr'><strong>tu</strong></span> <span class='ocrx_word' id='word_1_45' title='bbox 1109 1153 1179 1218; x_wconf 88' lang='lat' dir='ltr'><strong>sola</strong></span> <span class='ocrx_word' id='word_1_46' title='bbox 1205 1154 1358 1235; x_wconf 88' lang='lat' dir='ltr'><strong>placuisti</strong></span> <span class='ocrx_word' id='word_1_47' title='bbox 1377 1155 1494 1219; x_wconf 93' lang='lat' dir='ltr'><strong>mulier</strong></span> <span class='ocrx_word' id='word_1_48' title='bbox 1511 1157 1570 1219; x_wconf 88' lang='lat' dir='ltr'><strong>Al-</strong></span> 
     </span>
     <span class='ocr_line' id='line_1_7' title="bbox 442 1251 1048 1334; baseline -0.01 -16"><span class='ocrx_word' id='word_1_49' title='bbox 442 1254 582 1331; x_wconf 90' lang='lat' dir='ltr'><strong>tissimo,</strong></span> <span class='ocrx_word' id='word_1_50' title='bbox 598 1253 699 1334; x_wconf 92' lang='lat' dir='ltr'><strong>stirps</strong></span> <span class='ocrx_word' id='word_1_51' title='bbox 714 1261 747 1315; x_wconf 89' lang='lat' dir='ltr'><strong>et</strong></span> <span class='ocrx_word' id='word_1_52' title='bbox 764 1251 857 1332; x_wconf 91' lang='lat' dir='ltr'><strong>origo</strong></span> <span class='ocrx_word' id='word_1_53' title='bbox 875 1251 1048 1314; x_wconf 85' lang='lat' dir='ltr'><strong>Dauidica.</strong></span> 
     </span>
    </p>
   </div>
   <div class='ocr_carea' id='block_1_5' title="bbox 319 1383 1572 1563">
    <p class='ocr_par' dir='ltr' id='par_1_5' title="bbox 319 1383 1572 1563">
     <span class='ocr_line' id='line_1_8' title="bbox 319 1383 1572 1470; baseline 0.002 -18"><span class='ocrx_word' id='word_1_54' title='bbox 319 1405 364 1454; x_wconf 91' lang='lat'><strong>10.</strong></span> <span class='ocrx_word' id='word_1_55' title='bbox 389 1387 586 1470; x_wconf 85' lang='lat' dir='ltr'><strong>Magnificat</strong></span> <span class='ocrx_word' id='word_1_56' title='bbox 604 1386 788 1450; x_wconf 93' lang='lat' dir='ltr'><strong>Dominum</strong></span> <span class='ocrx_word' id='word_1_57' title='bbox 806 1395 984 1468; x_wconf 90' lang='lat' dir='ltr'><strong>postquam</strong></span> <span class='ocrx_word' id='word_1_58' title='bbox 1005 1384 1108 1448; x_wconf 85' lang='lat' dir='ltr'><strong>suerat</strong></span> <span class='ocrx_word' id='word_1_59' title='bbox 1126 1383 1175 1448; x_wconf 90' lang='lat' dir='ltr'><strong>his</strong></span> <span class='ocrx_word' id='word_1_60' title='bbox 1191 1385 1300 1448; x_wconf 90' lang='lat' dir='ltr'><strong>verbis</strong></span> <span class='ocrx_word' id='word_1_61' title='bbox 1311 1389 1422 1469; x_wconf 90' lang='lat' dir='ltr'><strong>angeli</strong></span> <span class='ocrx_word' id='word_1_62' title='bbox 1435 1391 1572 1454; x_wconf 90' lang='lat' dir='ltr'><strong>monita.</strong></span> 
     </span>
     <span class='ocr_line' id='line_1_9' title="bbox 321 1481 1367 1563; baseline -0.004 -14"><span class='ocrx_word' id='word_1_63' title='bbox 321 1503 364 1550; x_wconf 86' lang='lat'><strong>11.</strong></span> <span class='ocrx_word' id='word_1_64' title='bbox 389 1483 559 1548; x_wconf 88' lang='lat' dir='ltr'><strong>Nativitas</strong></span> <span class='ocrx_word' id='word_1_65' title='bbox 576 1482 699 1548; x_wconf 87' lang='lat' dir='ltr'><strong>Christi</strong></span> <span class='ocrx_word' id='word_1_66' title='bbox 717 1482 906 1563; x_wconf 87' lang='lat' dir='ltr'><strong>pastoribus</strong></span> <span class='ocrx_word' id='word_1_67' title='bbox 922 1501 1004 1544; x_wconf 92' lang='lat' dir='ltr'><strong>voce</strong></span> <span class='ocrx_word' id='word_1_68' title='bbox 1021 1481 1193 1544; x_wconf 89' lang='lat' dir='ltr'><strong>nuntiatur</strong></span> <span class='ocrx_word' id='word_1_69' title='bbox 1209 1481 1367 1562; x_wconf 89' lang='lat' dir='ltr'><strong>angelica.</strong></span> 
     </span>
    </p>
   </div>
   <div class='ocr_carea' id='block_1_6' title="bbox 322 1609 1575 1980">
    <p class='ocr_par' dir='ltr' id='par_1_6' title="bbox 322 1609 1572 1786">
     <span class='ocr_line' id='line_1_10' title="bbox 322 1609 1572 1695; baseline -0.002 -16"><span class='ocrx_word' id='word_1_70' title='bbox 322 1632 367 1679; x_wconf 88' lang='lat'><strong>12.</strong></span> <span class='ocrx_word' id='word_1_71' title='bbox 391 1614 443 1680; x_wconf 88' lang='lat' dir='ltr'><strong>Sit</strong></span> <span class='ocrx_word' id='word_1_72' title='bbox 461 1613 535 1676; x_wconf 91' lang='lat' dir='ltr'><strong>Deo</strong></span> <span class='ocrx_word' id='word_1_73' title='bbox 552 1611 623 1675; x_wconf 90' lang='lat' dir='ltr'><strong>laus</strong></span> <span class='ocrx_word' id='word_1_74' title='bbox 639 1623 672 1676; x_wconf 87' lang='lat' dir='ltr'><strong>et</strong></span> <span class='ocrx_word' id='word_1_75' title='bbox 687 1611 793 1694; x_wconf 86' lang='lat' dir='ltr'><strong>gloria</strong></span> <span class='ocrx_word' id='word_1_76' title='bbox 809 1612 842 1673; x_wconf 97' lang='lat' dir='ltr'><strong>in</strong></span> <span class='ocrx_word' id='word_1_77' title='bbox 859 1609 1011 1688; x_wconf 88' lang='lat' dir='ltr'><strong>excelsis,</strong></span> <span class='ocrx_word' id='word_1_78' title='bbox 1026 1611 1068 1673; x_wconf 92' lang='lat' dir='ltr'><strong>sit</strong></span> <span class='ocrx_word' id='word_1_79' title='bbox 1085 1610 1173 1674; x_wconf 90' lang='lat' dir='ltr'><strong>salus</strong></span> <span class='ocrx_word' id='word_1_80' title='bbox 1186 1618 1219 1674; x_wconf 91' lang='lat' dir='ltr'><strong>et</strong></span> <span class='ocrx_word' id='word_1_81' title='bbox 1235 1631 1305 1692; x_wconf 88' lang='lat' dir='ltr'><strong>pax</strong></span> <span class='ocrx_word' id='word_1_82' title='bbox 1323 1612 1355 1674; x_wconf 94' lang='lat' dir='ltr'><strong>in</strong></span> <span class='ocrx_word' id='word_1_83' title='bbox 1373 1613 1476 1690; x_wconf 88' lang='lat' dir='ltr'><strong>terris,</strong></span> <span class='ocrx_word' id='word_1_84' title='bbox 1491 1633 1572 1695; x_wconf 88' lang='lat' dir='ltr'><strong>gau-</strong></span> 
     </span>
     <span class='ocr_line' id='line_1_11' title="bbox 448 1705 1153 1786; baseline -0.004 -14"><span class='ocrx_word' id='word_1_85' title='bbox 448 1708 527 1773; x_wconf 90' lang='lat' dir='ltr'><strong>deat</strong></span> <span class='ocrx_word' id='word_1_86' title='bbox 542 1707 681 1784; x_wconf 90' lang='lat' dir='ltr'><strong>caelum,</strong></span> <span class='ocrx_word' id='word_1_87' title='bbox 697 1716 816 1770; x_wconf 92' lang='lat' dir='ltr'><strong>cuncta</strong></span> <span class='ocrx_word' id='word_1_88' title='bbox 833 1705 993 1770; x_wconf 85' lang='lat' dir='ltr'><strong>resultent</strong></span> <span class='ocrx_word' id='word_1_89' title='bbox 1010 1705 1153 1786; x_wconf 84' lang='lat' dir='ltr'><strong>agmina.</strong></span> 
     </span>
    </p>

    <p class='ocr_par' dir='ltr' id='par_1_7' title="bbox 324 1798 1575 1980">
     <span class='ocr_line' id='line_1_12' title="bbox 324 1798 1575 1886; baseline -0.002 -16"><span class='ocrx_word' id='word_1_90' title='bbox 324 1823 368 1886; x_wconf 84' lang='lat'><strong>13.</strong></span> <span class='ocrx_word' id='word_1_91' title='bbox 414 1803 576 1869; x_wconf 87' lang='lat' dir='ltr'><strong>Caelestis</strong></span> <span class='ocrx_word' id='word_1_92' title='bbox 606 1803 681 1869; x_wconf 86' lang='lat' dir='ltr'><strong>axis</strong></span> <span class='ocrx_word' id='word_1_93' title='bbox 713 1801 897 1865; x_wconf 89' lang='lat' dir='ltr'><strong>Dominum</strong></span> <span class='ocrx_word' id='word_1_94' title='bbox 930 1799 1110 1863; x_wconf 92' lang='lat' dir='ltr'><strong>multitudo</strong></span> <span class='ocrx_word' id='word_1_95' title='bbox 1139 1798 1303 1883; x_wconf 89' lang='lat' dir='ltr'><strong>glorificat</strong></span> <span class='ocrx_word' id='word_1_96' title='bbox 1334 1811 1367 1864; x_wconf 91' lang='lat' dir='ltr'><strong>et</strong></span> <span class='ocrx_word' id='word_1_97' title='bbox 1405 1801 1575 1868; x_wconf 92' lang='lat' dir='ltr'><strong>collaudat</strong></span> 
     </span>
     <span class='ocr_line' id='line_1_13' title="bbox 449 1895 1138 1980; baseline -0.003 -18"><span class='ocrx_word' id='word_1_98' title='bbox 449 1919 569 1980; x_wconf 90' lang='lat' dir='ltr'><strong>supera</strong></span> <span class='ocrx_word' id='word_1_99' title='bbox 585 1899 721 1961; x_wconf 91' lang='lat' dir='ltr'><strong>demum</strong></span> <span class='ocrx_word' id='word_1_100' title='bbox 739 1906 943 1960; x_wconf 87' lang='lat' dir='ltr'><strong>remeantem</strong></span> <span class='ocrx_word' id='word_1_101' title='bbox 961 1895 1004 1958; x_wconf 92' lang='lat' dir='ltr'><strong>ad</strong></span> <span class='ocrx_word' id='word_1_102' title='bbox 1021 1895 1138 1960; x_wconf 90' lang='lat' dir='ltr'><strong>sidera.</strong></span> 
     </span>
    </p>
   </div>
   <div class='ocr_carea' id='block_1_7' title="bbox 323 2027 1578 2303">
    <p class='ocr_par' dir='ltr' id='par_1_8' title="bbox 323 2027 1578 2303">
     <span class='ocr_line' id='line_1_14' title="bbox 325 2027 1578 2112; baseline 0 -17"><span class='ocrx_word' id='word_1_103' title='bbox 325 2050 370 2112; x_wconf 90' lang='lat'><strong>14.</strong></span> <span class='ocrx_word' id='word_1_104' title='bbox 395 2032 489 2094; x_wconf 91' lang='lat' dir='ltr'><strong>Deus</strong></span> <span class='ocrx_word' id='word_1_105' title='bbox 504 2030 607 2093; x_wconf 95' lang='lat' dir='ltr'><strong>homo</strong></span> <span class='ocrx_word' id='word_1_106' title='bbox 623 2029 732 2093; x_wconf 86' lang='lat' dir='ltr'><strong>sactus</strong></span> <span class='ocrx_word' id='word_1_107' title='bbox 748 2029 848 2093; x_wconf 93' lang='lat' dir='ltr'><strong>hodie</strong></span> <span class='ocrx_word' id='word_1_108' title='bbox 864 2038 963 2093; x_wconf 92' lang='lat' dir='ltr'><strong>natus</strong></span> <span class='ocrx_word' id='word_1_109' title='bbox 988 2037 1039 2092; x_wconf 90' lang='lat' dir='ltr'><strong>est</strong></span> <span class='ocrx_word' id='word_1_110' title='bbox 1063 2049 1108 2091; x_wconf 85' lang='lat' dir='ltr'><strong>ex</strong></span> <span class='ocrx_word' id='word_1_111' title='bbox 1124 2027 1265 2111; x_wconf 83' lang='lat' dir='ltr'><strong>Virgine</strong></span> <span class='ocrx_word' id='word_1_112' title='bbox 1292 2028 1419 2094; x_wconf 90' lang='lat' dir='ltr'><strong>Sancta</strong></span> <span class='ocrx_word' id='word_1_113' title='bbox 1445 2031 1554 2096; x_wconf 91' lang='lat' dir='ltr'><strong>Maria</strong></span> <span class='ocrx_word' id='word_1_114' title='bbox 1570 2053 1578 2110; x_wconf 92' lang='lat'>;</span> 
     </span>
     <span class='ocr_line' id='line_1_15' title="bbox 323 2123 1577 2208; baseline 0 -16"><span class='ocrx_word' id='word_1_115' title='bbox 323 2143 369 2208; x_wconf 84' lang='lat'><strong>15.</strong></span> <span class='ocrx_word' id='word_1_116' title='bbox 395 2127 496 2190; x_wconf 92' lang='lat' dir='ltr'><strong>Hunc</strong></span> <span class='ocrx_word' id='word_1_117' title='bbox 512 2125 626 2189; x_wconf 91' lang='lat' dir='ltr'><strong>laudet</strong></span> <span class='ocrx_word' id='word_1_118' title='bbox 642 2134 763 2190; x_wconf 90' lang='lat' dir='ltr'><strong>cuncta</strong></span> <span class='ocrx_word' id='word_1_119' title='bbox 778 2145 837 2207; x_wconf 91' lang='lat' dir='ltr'><strong>per</strong></span> <span class='ocrx_word' id='word_1_120' title='bbox 852 2124 967 2188; x_wconf 92' lang='lat' dir='ltr'><strong>orbem</strong></span> <span class='ocrx_word' id='word_1_121' title='bbox 984 2123 1079 2206; x_wconf 90' lang='lat' dir='ltr'><strong>plebs</strong></span> <span class='ocrx_word' id='word_1_122' title='bbox 1095 2125 1146 2188; x_wconf 91' lang='lat' dir='ltr'><strong>cui</strong></span> <span class='ocrx_word' id='word_1_123' title='bbox 1165 2134 1258 2187; x_wconf 90' lang='lat' dir='ltr'><strong>tanta</strong></span> <span class='ocrx_word' id='word_1_124' title='bbox 1287 2123 1492 2190; x_wconf 80' lang='lat' dir='ltr'><strong>famulantur</strong></span> <span class='ocrx_word' id='word_1_125' title='bbox 1518 2128 1577 2192; x_wconf 95' lang='lat' dir='ltr'><strong>ob·</strong></span> 
     </span>
     <span class='ocr_line' id='line_1_16' title="bbox 450 2241 573 2303; baseline 0 -19"><span class='ocrx_word' id='word_1_126' title='bbox 450 2241 573 2303; x_wconf 83' lang='lat' dir='ltr'><strong>sequra.</strong></span> 
     </span>
    </p>
   </div>
   <div class='ocr_carea' id='block_1_8' title="bbox 325 2347 1072 2527">
    <p class='ocr_par' dir='ltr' id='par_1_9' title="bbox 325 2347 1072 2527">
     <span class='ocr_line' id='line_1_17' title="bbox 325 2347 1072 2429; baseline -0.008 -15"><span class='ocrx_word' id='word_1_127' title='bbox 325 2351 370 2414; x_wconf 92' lang='lat'><strong>16.</strong></span> <span class='ocrx_word' id='word_1_128' title='bbox 395 2348 447 2414; x_wconf 88' lang='lat' dir='ltr'><strong>Sit</strong></span> <span class='ocrx_word' id='word_1_129' title='bbox 465 2349 541 2412; x_wconf 94' lang='lat' dir='ltr'><strong>Deo</strong></span> <span class='ocrx_word' id='word_1_130' title='bbox 557 2347 629 2410; x_wconf 91' lang='lat' dir='ltr'><strong>laus</strong></span> <span class='ocrx_word' id='word_1_131' title='bbox 646 2356 747 2429; x_wconf 92' lang='lat' dir='ltr'><strong>atque</strong></span> <span class='ocrx_word' id='word_1_132' title='bbox 763 2355 912 2428; x_wconf 92' lang='lat' dir='ltr'><strong>potestas</strong></span> <span class='ocrx_word' id='word_1_133' title='bbox 928 2347 1072 2428; x_wconf 87' lang='lat' dir='ltr'><strong>egregia,</strong></span> 
     </span>
     <span class='ocr_line' id='line_1_18' title="bbox 325 2442 998 2527; baseline -0.009 -17"><span class='ocrx_word' id='word_1_134' title='bbox 325 2460 370 2527; x_wconf 92' lang='lat'><strong>17.</strong></span> <span class='ocrx_word' id='word_1_135' title='bbox 395 2444 481 2510; x_wconf 91' lang='lat' dir='ltr'><strong>Cum</strong></span> <span class='ocrx_word' id='word_1_136' title='bbox 501 2443 599 2506; x_wconf 92' lang='lat' dir='ltr'><strong>Patre</strong></span> <span class='ocrx_word' id='word_1_137' title='bbox 615 2442 671 2526; x_wconf 92' lang='lat' dir='ltr'><strong>qui</strong></span> <span class='ocrx_word' id='word_1_138' title='bbox 688 2450 808 2506; x_wconf 90' lang='lat' dir='ltr'><strong>cuncta</strong></span> <span class='ocrx_word' id='word_1_139' title='bbox 824 2442 998 2523; x_wconf 86' lang='lat' dir='ltr'><strong>gubernat,</strong></span> 
     </span>
    </p>
   </div>
   <div class='ocr_carea' id='block_1_9' title="bbox 326 2571 1184 2656">
    <p class='ocr_par' dir='ltr' id='par_1_10' title="bbox 326 2571 1184 2656">
     <span class='ocr_line' id='line_1_19' title="bbox 326 2571 1184 2656; baseline -0.002 -17"><span class='ocrx_word' id='word_1_140' title='bbox 326 2578 372 2640; x_wconf 89' lang='lat'><strong>18.</strong></span> <span class='ocrx_word' id='word_1_141' title='bbox 397 2573 533 2638; x_wconf 88' lang='lat' dir='ltr'><strong>Etcum</strong></span> <span class='ocrx_word' id='word_1_142' title='bbox 552 2573 679 2656; x_wconf 89' lang='lat' dir='ltr'><strong>Spiritu</strong></span> <span class='ocrx_word' id='word_1_143' title='bbox 698 2572 824 2637; x_wconf 89' lang='lat' dir='ltr'><strong>Sancto</strong></span> <span class='ocrx_word' id='word_1_144' title='bbox 841 2573 873 2635; x_wconf 95' lang='lat' dir='ltr'><strong>in</strong></span> <span class='ocrx_word' id='word_1_145' title='bbox 890 2583 1026 2636; x_wconf 91' lang='lat' dir='ltr'><strong>aeterna</strong></span> <span class='ocrx_word' id='word_1_146' title='bbox 1042 2571 1184 2638; x_wconf 88' lang='lat' dir='ltr'><strong>saecula.</strong></span> 
     </span>
    </p>
   </div>
   <div class='ocr_carea' id='block_1_10' title="bbox 259 2701 1590 4133">
    <p class='ocr_par' dir='ltr' id='par_1_11' title="bbox 323 2701 1584 3026">
     <span class='ocr_line' id='line_1_20' title="bbox 358 2701 1583 2786; baseline 0.004 -16"><span class='ocrx_word' id='word_1_147' title='bbox 358 2721 567 2772; x_wconf 79' lang='lat' dir='ltr'><strong>Manuscrtts.</strong></span> <span class='ocrx_word' id='word_1_148' title='bbox 590 2717 704 2772; x_wconf 73' lang='lat' dir='ltr'><strong>Phars:</strong></span> <span class='ocrx_word' id='word_1_149' title='bbox 728 2715 800 2771; x_wconf 91' lang='lat' dir='ltr'><strong>Bibl.</strong></span> <span class='ocrx_word' id='word_1_150' title='bbox 823 2718 898 2786; x_wconf 80' lang='lat' dir='ltr'><strong>Nat,</strong></span> <span class='ocrx_word' id='word_1_151' title='bbox 912 2718 972 2786; x_wconf 87' lang='lat'><strong>879,</strong></span> <span class='ocrx_word' id='word_1_152' title='bbox 995 2717 1094 2771; x_wconf 91' lang='lat' dir='ltr'><strong>Missel</strong></span> <span class='ocrx_word' id='word_1_153' title='bbox 1119 2717 1156 2771; x_wconf 89' lang='lat' dir='ltr'><strong>de</strong></span> <span class='ocrx_word' id='word_1_154' title='bbox 1176 2717 1282 2786; x_wconf 72' lang='lat' dir='ltr'><strong>l’eglise</strong></span> <span class='ocrx_word' id='word_1_155' title='bbox 1308 2701 1526 2774; x_wconf 66' lang='lat' dir='ltr'><strong>saint-Etienne</strong></span> <span class='ocrx_word' id='word_1_156' title='bbox 1546 2719 1583 2775; x_wconf 86' lang='lat' dir='ltr'><strong>de</strong></span> 
     </span>
     <span class='ocr_line' id='line_1_21' title="bbox 325 2795 1583 2867; baseline 0.002 -16"><span class='ocrx_word' id='word_1_157' title='bbox 325 2795 580 2867; x_wconf 72' lang='lat' dir='ltr'><strong>Dijon,xv⁸siecle,</strong></span> <span class='ocrx_word' id='word_1_158' title='bbox 595 2796 636 2862; x_wconf 90' lang='lat' dir='ltr'><strong>S,·</strong></span> <span class='ocrx_word' id='word_1_159' title='bbox 669 2809 762 2866; x_wconf 82' lang='lat'><strong>15105,</strong></span> <span class='ocrx_word' id='word_1_160' title='bbox 776 2796 1104 2866; x_wconf 88' lang='lat' dir='ltr'><strong>Prosaireavecgloses,</strong></span> <span class='ocrx_word' id='word_1_161' title='bbox 1118 2795 1267 2864; x_wconf 73' lang='lat' dir='ltr'><strong>xv‘siecle,</strong></span> <span class='ocrx_word' id='word_1_162' title='bbox 1287 2795 1318 2852; x_wconf 79' lang='lat' dir='ltr'><strong>Y.</strong></span> <span class='ocrx_word' id='word_1_163' title='bbox 1348 2796 1583 2854; x_wconf 83' lang='lat' dir='ltr'><strong>Bibldcl&#39;Arse·</strong></span> 
     </span>
     <span class='ocr_line' id='line_1_22' title="bbox 323 2874 1584 2945; baseline 0.001 -15"><span class='ocrx_word' id='word_1_164' title='bbox 323 2877 378 2944; x_wconf 88' lang='lat' dir='ltr'><strong>nal,</strong></span> <span class='ocrx_word' id='word_1_165' title='bbox 392 2876 467 2945; x_wconf 86' lang='lat'><strong>1169,</strong></span> <span class='ocrx_word' id='word_1_166' title='bbox 489 2874 628 2945; x_wconf 87' lang='lat' dir='ltr'><strong>Tropaire</strong></span> <span class='ocrx_word' id='word_1_167' title='bbox 649 2875 782 2943; x_wconf 85' lang='lat' dir='ltr'><strong>d&#39;Autun,</strong></span> <span class='ocrx_word' id='word_1_168' title='bbox 804 2875 843 2929; x_wconf 78' lang='lat' dir='ltr'><strong>xie</strong></span> <span class='ocrx_word' id='word_1_169' title='bbox 852 2875 946 2943; x_wconf 74' lang='lat' dir='ltr'><strong>siecle,</strong></span> <span class='ocrx_word' id='word_1_170' title='bbox 967 2875 1005 2929; x_wconf 91' lang='lat' dir='ltr'><strong>N.</strong></span> <span class='ocrx_word' id='word_1_171' title='bbox 1048 2876 1279 2930; x_wconf 75' lang='lat' dir='ltr'><strong>Asuauaurmn</strong></span> <span class='ocrx_word' id='word_1_172' title='bbox 1303 2887 1409 2945; x_wconf 72' lang='lat' dir='ltr'><strong>nuncu,</strong></span> <span class='ocrx_word' id='word_1_173' title='bbox 1431 2877 1530 2933; x_wconf 88' lang='lat' dir='ltr'><strong>Missel</strong></span> <span class='ocrx_word' id='word_1_174' title='bbox 1548 2877 1584 2932; x_wconf 89' lang='lat' dir='ltr'><strong>de</strong></span> 
     </span>
     <span class='ocr_line' id='line_1_23' title="bbox 325 2953 700 3026; baseline 0 -17"><span class='ocrx_word' id='word_1_175' title='bbox 325 2955 420 3026; x_wconf 91' lang='lat' dir='ltr'><strong>Dijon‚</strong></span> <span class='ocrx_word' id='word_1_176' title='bbox 432 2954 490 3010; x_wconf 83' lang='lat' dir='ltr'><strong>xiv¹</strong></span> <span class='ocrx_word' id='word_1_177' title='bbox 498 2953 592 3024; x_wconf 67' lang='lat' dir='ltr'><strong>siecle,</strong></span> <span class='ocrx_word' id='word_1_178' title='bbox 605 2955 700 3010; x_wconf 86' lang='lat' dir='ltr'><em>ASH.</em></span> 
     </span>
    </p>

    <p class='ocr_par' dir='ltr' id='par_1_12' title="bbox 360 3034 524 3106">
     <span class='ocr_line' id='line_1_24' title="bbox 360 3034 524 3106; baseline 0.012 -18"><span class='ocrx_word' id='word_1_179' title='bbox 360 3049 480 3106; x_wconf 79' lang='lat' dir='ltr'><strong>asupra</strong></span> <span class='ocrx_word' id='word_1_180' title='bbox 494 3034 524 3090; x_wconf 88' lang='lat' dir='ltr'><strong>S.</strong></span> 
     </span>
    </p>

    <p class='ocr_par' dir='ltr' id='par_1_13' title="bbox 359 3113 779 3186">
     <span class='ocr_line' id='line_1_25' title="bbox 359 3113 779 3186; baseline -0.005 -18"><span class='ocrx_word' id='word_1_181' title='bbox 359 3115 505 3179; x_wconf 89' lang='lat' dir='ltr'><strong>7Pavens</strong></span> <span class='ocrx_word' id='word_1_182' title='bbox 518 3113 655 3186; x_wconf 87' lang='lat' dir='ltr'><strong>perhanc</strong></span> <span class='ocrx_word' id='word_1_183' title='bbox 675 3113 706 3167; x_wconf 80' lang='lat' dir='ltr'><strong>Y.</strong></span> <span class='ocrx_word' id='word_1_184' title='bbox 777 3117 779 3121; x_wconf 81' lang='grc'>’</span> 
     </span>
    </p>

    <p class='ocr_par' dir='ltr' id='par_1_14' title="bbox 259 3189 1583 3342">
     <span class='ocr_line' id='line_1_26' title="bbox 359 3189 1583 3263; baseline -0.001 -16"><span class='ocrx_word' id='word_1_185' title='bbox 359 3193 375 3246; x_wconf 90' lang='grc'>8</span> <span class='ocrx_word' id='word_1_186' title='bbox 394 3193 515 3263; x_wconf 89' lang='lat' dir='ltr'><strong>Spiritus</strong></span> <span class='ocrx_word' id='word_1_187' title='bbox 528 3209 562 3248; x_wconf 90' lang='lat' dir='ltr'><strong>ex</strong></span> <span class='ocrx_word' id='word_1_188' title='bbox 575 3192 634 3247; x_wconf 90' lang='lat' dir='ltr'><strong>alto</strong></span> <span class='ocrx_word' id='word_1_189' title='bbox 647 3192 750 3246; x_wconf 91' lang='lat' dir='ltr'><strong>throno</strong></span> <span class='ocrx_word' id='word_1_190' title='bbox 762 3191 948 3246; x_wconf 81' lang='lat' dir='ltr'><strong>Matr&#39;sconen.</strong></span> <span class='ocrx_word' id='word_1_191' title='bbox 981 3189 1103 3261; x_wconf 89' lang='lat' dir='ltr'><strong>Spiritus</strong></span> <span class='ocrx_word' id='word_1_192' title='bbox 1116 3191 1255 3245; x_wconf 86' lang='lat' dir='ltr'><strong>altissimo</strong></span> <span class='ocrx_word' id='word_1_193' title='bbox 1268 3208 1334 3246; x_wconf 88' lang='lat' dir='ltr'><strong>mox</strong></span> <span class='ocrx_word' id='word_1_194' title='bbox 1347 3209 1433 3262; x_wconf 90' lang='lat' dir='ltr'><strong>super</strong></span> <span class='ocrx_word' id='word_1_195' title='bbox 1454 3189 1531 3247; x_wconf 88' lang='lat' dir='ltr'><strong>venit</strong></span> <span class='ocrx_word' id='word_1_196' title='bbox 1555 3201 1583 3247; x_wconf 90' lang='lat' dir='ltr'><strong>et</strong></span> 
     </span>
     <span class='ocr_line' id='line_1_27' title="bbox 259 3271 467 3342; baseline 0.01 -16"><span class='ocrx_word' id='word_1_197' title='bbox 259 3275 261 3280; x_wconf 87' lang='lat'>&#39;</span> <span class='ocrx_word' id='word_1_198' title='bbox 325 3271 417 3342; x_wconf 88' lang='lat' dir='ltr'><strong>gratia</strong></span> <span class='ocrx_word' id='word_1_199' title='bbox 428 3273 467 3328; x_wconf 91' lang='lat' dir='ltr'><strong>N.</strong></span> 
     </span>
    </p>

    <p class='ocr_par' dir='ltr' id='par_1_15' title="bbox 359 3346 1310 3422">
     <span class='ocr_line' id='line_1_28' title="bbox 359 3346 1310 3422; baseline -0.002 -17"><span class='ocrx_word' id='word_1_200' title='bbox 359 3365 376 3418; x_wconf 86' lang='lat'>9</span> <span class='ocrx_word' id='word_1_201' title='bbox 394 3349 547 3422; x_wconf 89' lang='lat' dir='ltr'><strong>repleberis</strong></span> <span class='ocrx_word' id='word_1_202' title='bbox 561 3348 700 3404; x_wconf 89' lang='lat' dir='ltr'><strong>altissimo</strong></span> <span class='ocrx_word' id='word_1_203' title='bbox 713 3348 751 3404; x_wconf 89' lang='lat' dir='ltr'><strong>N.</strong></span> <span class='ocrx_word' id='word_1_204' title='bbox 783 3348 936 3418; x_wconf 87' lang='lat' dir='ltr'><strong>repleberis</strong></span> <span class='ocrx_word' id='word_1_205' title='bbox 950 3346 1115 3418; x_wconf 85' lang='lat' dir='ltr'><strong>almiphona</strong></span> <span class='ocrx_word' id='word_1_206' title='bbox 1127 3348 1310 3404; x_wconf 80' lang='lat' dir='ltr'><strong>Matisconen.</strong></span> 
     </span>
    </p>

    <p class='ocr_par' dir='ltr' id='par_1_16' title="bbox 327 3427 1590 3894">
     <span class='ocr_line' id='line_1_29' title="bbox 347 3427 1576 3500; baseline -0.002 -16"><span class='ocrx_word' id='word_1_207' title='bbox 347 3445 377 3484; x_wconf 89' lang='lat'><strong>12</strong></span> <span class='ocrx_word' id='word_1_208' title='bbox 395 3430 466 3498; x_wconf 85' lang='lat' dir='ltr'><strong>laus,</strong></span> <span class='ocrx_word' id='word_1_209' title='bbox 479 3427 578 3500; x_wconf 86' lang='lat' dir='ltr'><strong>gloria,</strong></span> <span class='ocrx_word' id='word_1_210' title='bbox 590 3429 778 3484; x_wconf 78' lang='lat' dir='ltr'><strong>Matisconen.</strong></span> <span class='ocrx_word' id='word_1_211' title='bbox 812 3429 865 3482; x_wconf 91' lang='lat' dir='ltr'><strong>Les</strong></span> <span class='ocrx_word' id='word_1_212' title='bbox 878 3427 1018 3482; x_wconf 74' lang='lat' dir='ltr'><strong>clausulas</strong></span> <span class='ocrx_word' id='word_1_213' title='bbox 1035 3441 1064 3480; x_wconf 90' lang='lat'><strong>12</strong></span> <span class='ocrx_word' id='word_1_214' title='bbox 1079 3437 1106 3481; x_wconf 93' lang='lat' dir='ltr'><strong>et</strong></span> <span class='ocrx_word' id='word_1_215' title='bbox 1123 3441 1154 3494; x_wconf 90' lang='lat'><strong>13</strong></span> <span class='ocrx_word' id='word_1_216' title='bbox 1167 3438 1232 3482; x_wconf 90' lang='lat' dir='ltr'><strong>sont</strong></span> <span class='ocrx_word' id='word_1_217' title='bbox 1256 3427 1432 3483; x_wconf 87' lang='lat' dir='ltr'><strong>interverties</strong></span> <span class='ocrx_word' id='word_1_218' title='bbox 1449 3428 1523 3482; x_wconf 85' lang='lat' dir='ltr'><strong>dans</strong></span> <span class='ocrx_word' id='word_1_219' title='bbox 1537 3427 1576 3482; x_wconf 89' lang='lat' dir='ltr'><strong>N.</strong></span> 
     </span>
     <span class='ocr_line' id='line_1_30' title="bbox 346 3505 1587 3576; baseline -0.001 -14"><span class='ocrx_word' id='word_1_220' title='bbox 346 3523 377 3576; x_wconf 89' lang='lat'><strong>13</strong></span> <span class='ocrx_word' id='word_1_221' title='bbox 397 3506 535 3564; x_wconf 88' lang='lat' dir='ltr'><strong>Caelestis</strong></span> <span class='ocrx_word' id='word_1_222' title='bbox 555 3507 659 3562; x_wconf 85' lang='lat' dir='ltr'><strong>haesit</strong></span> <span class='ocrx_word' id='word_1_223' title='bbox 678 3507 716 3562; x_wconf 91' lang='lat' dir='ltr'><strong>N.</strong></span> <span class='ocrx_word' id='word_1_224' title='bbox 750 3507 888 3562; x_wconf 87' lang='lat' dir='ltr'><strong>Caelestis</strong></span> <span class='ocrx_word' id='word_1_225' title='bbox 901 3506 975 3561; x_wconf 89' lang='lat' dir='ltr'><strong>adsit</strong></span> <span class='ocrx_word' id='word_1_226' title='bbox 989 3505 1174 3561; x_wconf 78' lang='lat' dir='ltr'><strong>Matisconen.</strong></span> <span class='ocrx_word' id='word_1_227' title='bbox 1206 3507 1367 3576; x_wconf 87' lang='lat' dir='ltr'><strong>glorificans</strong></span> <span class='ocrx_word' id='word_1_228' title='bbox 1381 3518 1408 3562; x_wconf 90' lang='lat' dir='ltr'><strong>et</strong></span> <span class='ocrx_word' id='word_1_229' title='bbox 1422 3507 1587 3562; x_wconf 87' lang='lat' dir='ltr'><strong>collaudans</strong></span> 
     </span>
     <span class='ocr_line' id='line_1_31' title="bbox 327 3585 1588 3656; baseline -0.002 -15"><span class='ocrx_word' id='word_1_230' title='bbox 327 3588 512 3643; x_wconf 81' lang='lat' dir='ltr'><strong>Matisconen.</strong></span> <span class='ocrx_word' id='word_1_231' title='bbox 545 3596 714 3656; x_wconf 87' lang='lat' dir='ltr'><strong>superant...</strong></span> <span class='ocrx_word' id='word_1_232' title='bbox 728 3597 889 3640; x_wconf 88' lang='lat' dir='ltr'><strong>remeantes</strong></span> <span class='ocrx_word' id='word_1_233' title='bbox 902 3586 940 3640; x_wconf 90' lang='lat' dir='ltr'><strong>N.</strong></span> <span class='ocrx_word' id='word_1_234' title='bbox 968 3596 1081 3656; x_wconf 89' lang='lat' dir='ltr'><strong>superet</strong></span> <span class='ocrx_word' id='word_1_235' title='bbox 1093 3585 1209 3640; x_wconf 91' lang='lat' dir='ltr'><strong>demum</strong></span> <span class='ocrx_word' id='word_1_236' title='bbox 1223 3603 1352 3642; x_wconf 88' lang='lat' dir='ltr'><strong>remeans</strong></span> <span class='ocrx_word' id='word_1_237' title='bbox 1366 3587 1403 3640; x_wconf 91' lang='lat' dir='ltr'><strong>ad</strong></span> <span class='ocrx_word' id='word_1_238' title='bbox 1416 3586 1511 3642; x_wconf 89' lang='lat' dir='ltr'><strong>sidera</strong></span> <span class='ocrx_word' id='word_1_239' title='bbox 1523 3586 1588 3638; x_wconf 87' lang='lat' dir='ltr'><strong>Ma-</strong></span> 
     </span>
     <span class='ocr_line' id='line_1_32' title="bbox 328 3664 1590 3735; baseline -0.001 -16"><span class='ocrx_word' id='word_1_240' title='bbox 328 3667 458 3724; x_wconf 79' lang='lat' dir='ltr'><strong>tisconrn.</strong></span> <span class='ocrx_word' id='word_1_241' title='bbox 489 3668 571 3721; x_wconf 91' lang='lat' dir='ltr'><strong>Dans</strong></span> <span class='ocrx_word' id='word_1_242' title='bbox 585 3665 622 3718; x_wconf 93' lang='lat' dir='ltr'><strong>N.</strong></span> <span class='ocrx_word' id='word_1_243' title='bbox 637 3683 691 3720; x_wconf 89' lang='lat' dir='ltr'><strong>une</strong></span> <span class='ocrx_word' id='word_1_244' title='bbox 708 3664 857 3720; x_wconf 81' lang='lat' dir='ltr'><strong>confusion</strong></span> <span class='ocrx_word' id='word_1_245' title='bbox 872 3665 937 3719; x_wconf 89' lang='lat' dir='ltr'><strong>s’est</strong></span> <span class='ocrx_word' id='word_1_246' title='bbox 950 3664 1081 3735; x_wconf 89' lang='lat' dir='ltr'><strong>produite</strong></span> <span class='ocrx_word' id='word_1_247' title='bbox 1094 3664 1112 3718; x_wconf 74' lang='lat' dir='ltr'><strong>a</strong></span> <span class='ocrx_word' id='word_1_248' title='bbox 1124 3665 1151 3720; x_wconf 88' lang='lat' dir='ltr'><strong>la</strong></span> <span class='ocrx_word' id='word_1_249' title='bbox 1165 3665 1202 3719; x_wconf 89' lang='lat' dir='ltr'><strong>fin</strong></span> <span class='ocrx_word' id='word_1_250' title='bbox 1222 3665 1258 3720; x_wconf 91' lang='lat' dir='ltr'><strong>de</strong></span> <span class='ocrx_word' id='word_1_251' title='bbox 1271 3665 1298 3720; x_wconf 87' lang='lat' dir='ltr'><strong>la</strong></span> <span class='ocrx_word' id='word_1_252' title='bbox 1311 3665 1435 3722; x_wconf 90' lang='lat' dir='ltr'><strong>clausule</strong></span> <span class='ocrx_word' id='word_1_253' title='bbox 1451 3679 1482 3719; x_wconf 89' lang='lat'><strong>12</strong></span> <span class='ocrx_word' id='word_1_254' title='bbox 1496 3664 1531 3719; x_wconf 81' lang='lat' dir='ltr'><strong>ob</strong></span> <span class='ocrx_word' id='word_1_255' title='bbox 1552 3680 1590 3719; x_wconf 92' lang='lat' dir='ltr'><strong>on</strong></span> 
     </span>
     <span class='ocr_line' id='line_1_33' title="bbox 329 3743 1589 3814; baseline -0.002 -14"><span class='ocrx_word' id='word_1_256' title='bbox 329 3743 359 3800; x_wconf 87' lang='lat' dir='ltr'><strong>lit</strong></span> <span class='ocrx_word' id='word_1_257' title='bbox 372 3762 378 3800; x_wconf 93' lang='lat'><strong>:</strong></span> <span class='ocrx_word' id='word_1_258' title='bbox 392 3745 420 3800; x_wconf 91' lang='lat' dir='ltr'><strong>in</strong></span> <span class='ocrx_word' id='word_1_259' title='bbox 434 3745 516 3801; x_wconf 90' lang='lat' dir='ltr'><strong>terris</strong></span> <span class='ocrx_word' id='word_1_260' title='bbox 529 3753 643 3814; x_wconf 91' lang='lat' dir='ltr'><strong>superat</strong></span> <span class='ocrx_word' id='word_1_261' title='bbox 656 3745 772 3798; x_wconf 90' lang='lat' dir='ltr'><strong>demum</strong></span> <span class='ocrx_word' id='word_1_262' title='bbox 785 3753 887 3798; x_wconf 88' lang='lat' dir='ltr'><strong>cuncta</strong></span> <span class='ocrx_word' id='word_1_263' title='bbox 900 3744 1045 3798; x_wconf 87' lang='lat' dir='ltr'><strong>resultant.</strong></span> <span class='ocrx_word' id='word_1_264' title='bbox 1079 3743 1153 3798; x_wconf 87' lang='lat' dir='ltr'><strong>C’est</strong></span> <span class='ocrx_word' id='word_1_265' title='bbox 1167 3744 1194 3798; x_wconf 73' lang='lat' dir='ltr'><strong>la</strong></span> <span class='ocrx_word' id='word_1_266' title='bbox 1213 3761 1250 3798; x_wconf 91' lang='lat' dir='ltr'><strong>un</strong></span> <span class='ocrx_word' id='word_1_267' title='bbox 1263 3744 1404 3813; x_wconf 80' lang='lat' dir='ltr'><strong>fragment</strong></span> <span class='ocrx_word' id='word_1_268' title='bbox 1418 3744 1454 3799; x_wconf 90' lang='lat' dir='ltr'><strong>de</strong></span> <span class='ocrx_word' id='word_1_269' title='bbox 1473 3745 1502 3798; x_wconf 93' lang='lat' dir='ltr'><strong>la</strong></span> <span class='ocrx_word' id='word_1_270' title='bbox 1514 3744 1589 3799; x_wconf 89' lang='lat' dir='ltr'><strong>clau-</strong></span> 
     </span>
     <span class='ocr_line' id='line_1_34' title="bbox 330 3824 701 3894; baseline 0 -15"><span class='ocrx_word' id='word_1_271' title='bbox 330 3824 389 3880; x_wconf 89' lang='lat' dir='ltr'><strong>sule</strong></span> <span class='ocrx_word' id='word_1_272' title='bbox 405 3840 445 3894; x_wconf 82' lang='lat'><strong>13·</strong></span> <span class='ocrx_word' id='word_1_273' title='bbox 700 3829 701 3832; x_wconf 75' lang='grc'>’</span> 
     </span>
    </p>

    <p class='ocr_par' dir='ltr' id='par_1_17' title="bbox 331 3901 1589 4056">
     <span class='ocr_line' id='line_1_35' title="bbox 351 3901 1589 3974; baseline 0.001 -16"><span class='ocrx_word' id='word_1_274' title='bbox 351 3918 382 3971; x_wconf 81' lang='lat'><strong>¹4</strong></span> <span class='ocrx_word' id='word_1_275' title='bbox 402 3907 481 3960; x_wconf 89' lang='lat' dir='ltr'><strong>Deus</strong></span> <span class='ocrx_word' id='word_1_276' title='bbox 503 3914 532 3960; x_wconf 86' lang='lat' dir='ltr'><strong>et</strong></span> <span class='ocrx_word' id='word_1_277' title='bbox 556 3905 643 3958; x_wconf 91' lang='lat' dir='ltr'><strong>homo</strong></span> <span class='ocrx_word' id='word_1_278' title='bbox 665 3903 805 3972; x_wconf 85' lang='lat' dir='ltr'><strong>perlectus</strong></span> <span class='ocrx_word' id='word_1_279' title='bbox 829 3901 916 3958; x_wconf 89' lang='lat' dir='ltr'><strong>hodie</strong></span> <span class='ocrx_word' id='word_1_280' title='bbox 939 3901 976 3956; x_wconf 93' lang='lat' dir='ltr'><strong>N.</strong></span> <span class='ocrx_word' id='word_1_281' title='bbox 997 3902 1183 3956; x_wconf 77' lang='lat' dir='ltr'><strong>Matisconcn.</strong></span> <span class='ocrx_word' id='word_1_282' title='bbox 1224 3903 1260 3959; x_wconf 89' lang='lat' dir='ltr'><strong>de</strong></span> <span class='ocrx_word' id='word_1_283' title='bbox 1280 3903 1397 3974; x_wconf 81' lang='lat' dir='ltr'><strong>Virgine</strong></span> <span class='ocrx_word' id='word_1_284' title='bbox 1425 3903 1455 3958; x_wconf 79' lang='lat' dir='ltr'><strong>Y.</strong></span> <span class='ocrx_word' id='word_1_285' title='bbox 1488 3914 1589 3960; x_wconf 88' lang='lat' dir='ltr'><strong>sancta</strong></span> 
     </span>
     <span class='ocr_line' id='line_1_36' title="bbox 331 3982 829 4056; baseline -0.012 -16"><span class='ocrx_word' id='word_1_286' title='bbox 331 4000 452 4056; x_wconf 87' lang='lat' dir='ltr'><strong>manque</strong></span> <span class='ocrx_word' id='word_1_287' title='bbox 466 3983 538 4039; x_wconf 89' lang='lat' dir='ltr'><strong>dans</strong></span> <span class='ocrx_word' id='word_1_288' title='bbox 551 3984 589 4038; x_wconf 93' lang='lat' dir='ltr'><strong>N.</strong></span> <span class='ocrx_word' id='word_1_289' title='bbox 603 3991 631 4038; x_wconf 90' lang='lat' dir='ltr'><strong>et</strong></span> <span class='ocrx_word' id='word_1_290' title='bbox 644 3982 829 4036; x_wconf 82' lang='lat' dir='ltr'><strong>Matr&#39;sconen.</strong></span> 
     </span>
    </p>

    <p class='ocr_par' dir='ltr' id='par_1_18' title="bbox 352 4059 1474 4133">
     <span class='ocr_line' id='line_1_37' title="bbox 352 4059 1474 4133; baseline -0.002 -15"><span class='ocrx_word' id='word_1_291' title='bbox 352 4076 381 4133; x_wconf 83' lang='grc' dir='ltr'><strong>ις</strong></span> <span class='ocrx_word' id='word_1_292' title='bbox 401 4065 484 4121; x_wconf 85' lang='lat' dir='ltr'><strong>Cette</strong></span> <span class='ocrx_word' id='word_1_293' title='bbox 496 4063 631 4130; x_wconf 90' lang='lat' dir='ltr'><strong>clausule,</strong></span> <span class='ocrx_word' id='word_1_294' title='bbox 644 4059 804 4117; x_wconf 75' lang='lat' dir='ltr'><strong>necessaire</strong></span> <span class='ocrx_word' id='word_1_295' title='bbox 817 4077 853 4115; x_wconf 90' lang='lat' dir='ltr'><strong>au</strong></span> <span class='ocrx_word' id='word_1_296' title='bbox 867 4059 1065 4130; x_wconf 76' lang='lat' dir='ltr'><strong>parallelisme,</strong></span> <span class='ocrx_word' id='word_1_297' title='bbox 1078 4077 1201 4131; x_wconf 87' lang='lat' dir='ltr'><strong>manque</strong></span> <span class='ocrx_word' id='word_1_298' title='bbox 1214 4061 1286 4116; x_wconf 84' lang='lat' dir='ltr'><strong>dans</strong></span> <span class='ocrx_word' id='word_1_299' title='bbox 1297 4061 1330 4118; x_wconf 89' lang='lat' dir='ltr'><strong>S.</strong></span> <span class='ocrx_word' id='word_1_300' title='bbox 1339 4071 1366 4117; x_wconf 88' lang='lat' dir='ltr'><strong>et</strong></span> <span class='ocrx_word' id='word_1_301' title='bbox 1380 4061 1474 4116; x_wconf 65' lang='grc' dir='ltr'><em>ΑΕΗ.</em></span> 
     </span>
    </p>
   </div>
   <div class='ocr_carea' id='block_1_11' title="bbox 563 4251 1359 4348">
    <p class='ocr_par' dir='ltr' id='par_1_19' title="bbox 563 4251 1359 4348">
     <span class='ocr_line' id='line_1_38' title="bbox 563 4251 1359 4348; baseline -0.003 -18"><span class='ocrx_word' id='word_1_302' title='bbox 563 4278 646 4348; x_wconf 87' lang='lat'><em>300.</em></span> <span class='ocrx_word' id='word_1_303' title='bbox 679 4253 755 4327; x_wconf 90' lang='lat' dir='ltr'><strong>DE</strong></span> <span class='ocrx_word' id='word_1_304' title='bbox 785 4251 1009 4327; x_wconf 86' lang='lat' dir='ltr'>SANCTO</span> <span class='ocrx_word' id='word_1_305' title='bbox 1039 4252 1359 4328; x_wconf 90' lang='lat' dir='ltr'>STEPHANO.</span> 
     </span>
    </p>
   </div>
   <div class='ocr_carea' id='block_1_12' title="bbox 641 4435 1288 4482">
    <p class='ocr_par' dir='ltr' id='par_1_20' title="bbox 641 4435 1288 4482">
     <span class='ocr_line' id='line_1_39' title="bbox 641 4435 1288 4482; baseline -0.002 0"><span class='ocrx_word' id='word_1_306' title='bbox 641 4435 654 4482; x_wconf 92' lang='lat'><em>1</em></span> <span class='ocrx_word' id='word_1_307' title='bbox 1270 4435 1288 4481; x_wconf 89' lang='lat'>2</span> 
     </span>
    </p>
   </div>
   <div class='ocr_carea' id='block_1_13' title="bbox 352 4519 1519 5084">
    <p class='ocr_par' dir='ltr' id='par_1_21' title="bbox 352 4519 1519 5084">
     <span class='ocr_line' id='line_1_40' title="bbox 377 4519 1492 4604; baseline -0.001 -15"><span class='ocrx_word' id='word_1_308' title='bbox 377 4525 487 4589; x_wconf 88' lang='lat' dir='ltr'><strong>Adest</strong></span> <span class='ocrx_word' id='word_1_309' title='bbox 503 4523 599 4587; x_wconf 91' lang='lat' dir='ltr'><strong>nobis</strong></span> <span class='ocrx_word' id='word_1_310' title='bbox 615 4521 675 4585; x_wconf 88' lang='lat' dir='ltr'><strong>lux</strong></span> <span class='ocrx_word' id='word_1_311' title='bbox 691 4519 847 4602; x_wconf 82' lang='lat' dir='ltr'><strong>benigna,</strong></span> <span class='ocrx_word' id='word_1_312' title='bbox 1008 4519 1140 4584; x_wconf 94' lang='lat' dir='ltr'><strong>Domus</strong></span> <span class='ocrx_word' id='word_1_313' title='bbox 1156 4540 1256 4602; x_wconf 90' lang='lat' dir='ltr'><strong>supra</strong></span> <span class='ocrx_word' id='word_1_314' title='bbox 1272 4531 1401 4604; x_wconf 88' lang='lat' dir='ltr'><strong>petram</strong></span> <span class='ocrx_word' id='word_1_315' title='bbox 1418 4524 1492 4601; x_wconf 90' lang='lat' dir='ltr'><strong>sita,</strong></span> 
     </span>
     <span class='ocr_line' id='line_1_41' title="bbox 352 4607 1399 4704; baseline -0.002 -20"><span class='ocrx_word' id='word_1_316' title='bbox 352 4607 357 4616; x_wconf 51' lang='lat'>⁸</span> <span class='ocrx_word' id='word_1_317' title='bbox 380 4621 411 4683; x_wconf 93' lang='lat' dir='ltr'><strong>in</strong></span> <span class='ocrx_word' id='word_1_318' title='bbox 428 4641 495 4704; x_wconf 90' lang='lat' dir='ltr'><strong>qua</strong></span> <span class='ocrx_word' id='word_1_319' title='bbox 511 4627 562 4684; x_wconf 89' lang='lat' dir='ltr'><strong>tot</strong></span> <span class='ocrx_word' id='word_1_320' title='bbox 577 4629 611 4682; x_wconf 90' lang='lat' dir='ltr'><strong>et</strong></span> <span class='ocrx_word' id='word_1_321' title='bbox 626 4625 719 4682; x_wconf 91' lang='lat' dir='ltr'><strong>tanta</strong></span> <span class='ocrx_word' id='word_1_322' title='bbox 737 4616 833 4699; x_wconf 91' lang='lat' dir='ltr'><strong>signa</strong></span> <span class='ocrx_word' id='word_1_323' title='bbox 1008 4616 1093 4679; x_wconf 90' lang='lat' dir='ltr'><strong>sicut</strong></span> <span class='ocrx_word' id='word_1_324' title='bbox 1109 4614 1230 4698; x_wconf 92' lang='lat' dir='ltr'><strong>probat</strong></span> <span class='ocrx_word' id='word_1_325' title='bbox 1245 4617 1320 4681; x_wconf 90' lang='lat' dir='ltr'><strong>eius·</strong></span> <span class='ocrx_word' id='word_1_326' title='bbox 1331 4619 1399 4682; x_wconf 92' lang='lat' dir='ltr'><strong>vita</strong></span> 
     </span>
     <span class='ocr_line' id='line_1_42' title="bbox 422 4714 1432 4797; baseline -0.001 -18"><span class='ocrx_word' id='word_1_327' title='bbox 422 4715 501 4780; x_wconf 86' lang='lat' dir='ltr'><strong>lecit</strong></span> <span class='ocrx_word' id='word_1_328' title='bbox 516 4725 549 4779; x_wconf 88' lang='lat' dir='ltr'><strong>et</strong></span> <span class='ocrx_word' id='word_1_329' title='bbox 565 4714 718 4797; x_wconf 90' lang='lat' dir='ltr'><strong>prodigia</strong></span> <span class='ocrx_word' id='word_1_330' title='bbox 1053 4731 1229 4775; x_wconf 89' lang='lat' dir='ltr'><strong>coruscans</strong></span> <span class='ocrx_word' id='word_1_331' title='bbox 1246 4714 1432 4794; x_wconf 91' lang='lat' dir='ltr'><strong>miraculis;</strong></span> 
     </span>
     <span class='ocr_line' id='line_1_43' title="bbox 380 4805 1418 4888; baseline -0.001 -12"><span class='ocrx_word' id='word_1_332' title='bbox 380 4812 489 4876; x_wconf 90' lang='lat' dir='ltr'><strong>Verus</strong></span> <span class='ocrx_word' id='word_1_333' title='bbox 505 4809 558 4874; x_wconf 94' lang='lat' dir='ltr'><strong>hic</strong></span> <span class='ocrx_word' id='word_1_334' title='bbox 577 4808 736 4884; x_wconf 88' lang='lat' dir='ltr'><strong>Israelita,</strong></span> <span class='ocrx_word' id='word_1_335' title='bbox 1013 4805 1189 4888; x_wconf 89' lang='lat' dir='ltr'><strong>Superavit</strong></span> <span class='ocrx_word' id='word_1_336' title='bbox 1204 4807 1258 4872; x_wconf 90' lang='lat' dir='ltr'><strong>hic</strong></span> <span class='ocrx_word' id='word_1_337' title='bbox 1276 4809 1418 4874; x_wconf 88' lang='lat' dir='ltr'><strong>Iudaeos</strong></span> 
     </span>
     <span class='ocr_line' id='line_1_44' title="bbox 381 4893 1519 4990; baseline 0.001 -20"><span class='ocrx_word' id='word_1_338' title='bbox 381 4915 606 4990; x_wconf 90' lang='lat' dir='ltr'><strong>protomartyr</strong></span> <span class='ocrx_word' id='word_1_339' title='bbox 622 4915 655 4968; x_wconf 90' lang='lat' dir='ltr'><strong>et</strong></span> <span class='ocrx_word' id='word_1_340' title='bbox 671 4903 781 4980; x_wconf 90' lang='lat' dir='ltr'><strong>levita,</strong></span> <span class='ocrx_word' id='word_1_341' title='bbox 1012 4901 1181 4966; x_wconf 89' lang='lat' dir='ltr'><strong>affirmans</strong></span> <span class='ocrx_word' id='word_1_342' title='bbox 1196 4907 1286 4986; x_wconf 93' lang='lat' dir='ltr'><strong>quod</strong></span> <span class='ocrx_word' id='word_1_343' title='bbox 1304 4925 1389 4970; x_wconf 91' lang='lat' dir='ltr'><strong>nnus</strong></span> <span class='ocrx_word' id='word_1_344' title='bbox 1405 4893 1519 4972; x_wconf 83' lang='lat' dir='ltr'><strong>Theos</strong></span> 
     </span>
     <span class='ocr_line' id='line_1_45' title="bbox 425 5000 1414 5084; baseline 0.002 -18"><span class='ocrx_word' id='word_1_345' title='bbox 425 5003 564 5066; x_wconf 90' lang='lat' dir='ltr'><strong>veritate</strong></span> <span class='ocrx_word' id='word_1_346' title='bbox 579 5000 722 5084; x_wconf 89' lang='lat' dir='ltr'><strong>praevia.</strong></span> <span class='ocrx_word' id='word_1_347' title='bbox 1054 5008 1207 5080; x_wconf 87' lang='lat' dir='ltr'><strong>regnaret</strong></span> <span class='ocrx_word' id='word_1_348' title='bbox 1223 5001 1255 5063; x_wconf 93' lang='lat' dir='ltr'><strong>in</strong></span> <span class='ocrx_word' id='word_1_349' title='bbox 1272 5001 1414 5084; x_wconf 91' lang='lat' dir='ltr'><strong>populis.</strong></span> 
     </span>
    </p>
   </div>
   <div class='ocr_carea' id='block_1_14' title="bbox 0 0 2078 5792">
    <p class='ocr_par' dir='ltr' id='par_1_22' title="bbox 0 0 2078 5792">
     <span class='ocr_line' id='line_1_46' title="bbox 0 0 2078 5792; baseline 0 0"><span class='ocrx_word' id='word_1_350' title='bbox 0 0 2078 5792; x_wconf 95' lang='lat' dir='ltr'><strong> </strong></span> 
     </span>
    </p>
   </div>
  </div>
 </body>
</html>
