4096 5794
721 1083 1119 1175 REGISTRVM
1171 1083 1539 1178 PROSARVM

498 1443 546 1502 Ab
560 1460 628 1500 arce
643 1439 758 1499 siderea
778 1437 781 1516 Ι
801 1441 988 1500 descendens
1004 1441 1052 1498 lux
1067 1459 1156 1500 aurea
1174 1437 1178 1519 Ι
1199 1439 1328 1517 Virginis
1347 1442 1377 1500 in
1392 1443 1546 1519 gremium.
1571 1490 1672 1504 ........
1698 1448 1756 1520 326

498 1537 545 1596 Ad
562 1553 688 1612 agonem
698 1532 866 1592 animemur
884 1530 888 1610 Ι
907 1533 1288 1610 etexemploprovocemur
1307 1531 1311 1612 Ι
1330 1533 1417 1593 huius
1427 1534 1521 1594 sancti
1532 1536 1673 1613 martyris.
1697 1552 1755 1613 457

499 1629 547 1686 Ad
562 1627 690 1686 caeleste
705 1621 870 1700 praemium
895 1619 898 1700 Ι
921 1623 1047 1700 suspiret
1060 1642 1111 1682 cor
1126 1623 1259 1682 fidelium
1280 1621 1284 1702 Ι
1302 1643 1370 1682 cum
1387 1627 1494 1686 affectu
1511 1626 1612 1686 nimio.
1699 1647 1757 1704 ²39

499 1721 547 1778 Ad
563 1719 633 1779 celsi
651 1715 742 1792 Regis
757 1715 880 1792 gloriam
898 1726 1006 1791 pangat
1020 1715 1129 1774 chorus
1151 1715 1321 1776 melodiam.
1353 1763 1669 1777 ........................
1698 1721 1757 1794 506

498 1812 592 1870 Adest
607 1808 672 1868 dies
686 1805 819 1879 celebris,
841 1805 845 1882 Ι
863 1825 923 1882 qua
938 1805 1018 1864 fulsit
1033 1805 1063 1863 in
1079 1805 1209 1865 tenebris
1228 1805 1232 1884 Ι
1253 1805 1362 1866 Divina
1380 1807 1547 1869 clementia.
1574 1855 1671 1868 ........
1696 1811 1752 1878 48ι

498 1901 592 1960 Adest
607 1897 672 1958 dies
687 1895 824 1974 gloriosa,
845 1895 849 1974 Ι
867 1913 935 1972 qua,
952 1896 991 1955 de
1006 1895 1082 1954 valle
1097 1895 1269 1972 lacrymosa,
1290 1893 1294 1972 Ι
1313 1899 1485 1957 transfertur
1506 1899 1544 1958 ad
1556 1897 1672 1976 gaudia.
1698 1900 1756 1974 384

497 1983 591 2040 Adest
607 1979 670 2040 dies
686 1977 880 2054 triumphalis,
904 1975 908 2055 Ι
931 1977 962 2035 in
977 1995 1037 2053 qua
1051 1977 1185 2052 Sponsus
1207 1975 1382 2038 immortalis
1402 1977 1406 2056 Ι
1425 1998 1555 2056 sponsae
1577 1979 1675 2040 reddit

576 2067 714 2148 praemia.
749 2112 1671 2128 .....................................................................
1700 2071 1756 2145 138

492 2163 587 2222 Adest
602 2161 683 2221 enim
699 2161 781 2230 festa,
801 2176 826 2216 ν.
842 2159 961 2218 Adsunt
978 2156 1072 2216 enim.

492 2257 587 2314 Adest
603 2252 661 2312 iam
677 2251 752 2310 sesta
769 2249 834 2310 dies
849 2259 878 2308 et
895 2247 1053 2324 praeclara,
1070 2245 1145 2306 caeli
1160 2245 1190 2305 in
1210 2266 1270 2323 qua
1285 2249 1429 2308 resultant
1444 2250 1571 2327 agmina.
1598 2295 1672 2308 ......
1700 2253 1756 2310 128

492 2347 588 2406 Adest
603 2341 691 2402 nobis
706 2341 770 2401 dies
787 2342 863 2400 laeta
882 2339 886 2418 Ι
905 2358 996 2415 quam
1012 2337 1200 2414 praemonuit
1210 2339 1357 2415 propheta
1375 2341 1380 2418 Ι
1400 2341 1474 2400 haec
1486 2361 1674 2419 praeponens

573 2435 707 2514 mystica.
737 2474 1671 2492 ......................................................................
1697 2437 1756 2508 466

491 2530 587 2588 Adest
602 2523 689 2584 nobis
703 2525 752 2582 lux
768 2520 905 2598 benigna,
925 2519 930 2599 Ι
949 2520 979 2578 in
994 2539 1054 2596 qua
1071 2531 1113 2579 tot
1129 2533 1158 2579 et
1173 2532 1257 2580 tanta
1273 2521 1358 2598 signa
1377 2521 1381 2599 Ι
1403 2522 1473 2583 lecit
1483 2534 1512 2584 et
1526 2523 1670 2601 prodigia.
1694 2545 1753 2602 4²9

493 2621 587 2680 Adest
602 2636 683 2676 nnnc
698 2613 826 2692 gloriosa
840 2612 1024 2673 sollemnitas
1039 2623 1130 2686 atque
1143 2614 1301 2688 praeclara
1329 2659 1670 2675 ..........................
1695 2624 1754 2690 428

494 2713 543 2772 Ad
559 2712 635 2770 haec
649 2708 775 2766 colenda
791 2702 923 2783 gaudiali
937 2705 1024 2778 Quae
1038 2702 1167 2780 Alphegi
1183 2703 1369 2782 triumphalis
1390 2708 1517 2767 adornat
1538 2706 1669 2767 victoria.
1694 2728 1752 2782 4¹2

495 2805 544 2866 Ad
559 2803 705 2862 honorem
731 2794 890 2858 Salvatoris
919 2794 924 2873 Ι
952 2795 1056 2856 laudes
1080 2795 1168 2855 huius
1204 2797 1382 2858 confessoris
1401 2795 1405 2878 Ι
1424 2811 1525 2860 nostra
1555 2810 1674 2876 promat

577 2911 693 2954 concro.
717 2932 1672 2952 .......................................................................
1696 2913 1715 2966 4

495 2987 544 3046 Ad
559 2987 704 3045 honorem
724 2991 896 3040 sanctorum
916 2976 1053 3038 onmium
1072 2976 1077 3056 Ι
1095 2977 1146 3055 qui
1164 2979 1317 3055 possident
1339 2979 1414 3040 caeli
1435 2981 1581 3058 palatium
1601 2981 1605 3061 Ι
1624 2985 1674 3044 de·
1718 2910 1754 2970 59

576 3075 657 3137 votio
672 3073 794 3152 plaudat
810 3068 945 3130 fidelium
965 3067 969 3148 Ι
988 3071 1187 3146 persolvendo
1209 3069 1306 3132 laudis
1325 3071 1528 3148 praeconium.
1556 3117 1670 3134 .........
1697 3077 1753 3151 265

494 3166 543 3225 Ad
558 3165 703 3223 honorem
723 3157 791 3230 Tui,
822 3155 949 3228 Christe,
970 3155 975 3236 Ι
993 3154 1120 3216 colimus
1145 3165 1228 3216 sacra
1253 3157 1406 3235 Baptistae
1425 3159 1429 3238 Ι
1450 3161 1593 3221 Iohannis
1618 3161 1674 3222 sol-

574 3249 692 3312 lemnia.
718 3291 1668 3310 ......................................................................
1696 3253 1754 3327 398

445 3399 450 3408 .
493 3345 541 3405 Ad
557 3345 702 3405 honorem
728 3341 841 3412 Tuum,
868 3336 998 3410 Christe,
1018 3337 1023 3416 Ι
1041 3340 1148 3416 psallat
1169 3338 1240 3399 Tibi
1278 3339 1387 3400 chorus
1412 3338 1466 3401 iste
1485 3339 1489 3419 Ι
1509 3351 1670 3419 martyrum

574 3434 740 3514 praeconia
764 3477 1668 3494 ...................................................................
1695 3453 1710 3511 5
1715 3452 1752 3510 52

494 3529 542 3588 Ad
558 3524 789 3586 illuminandum
814 3523 970 3594 mundum,
991 3519 995 3599 Ι
1015 3521 1176 3594 Hilarium,
1200 3523 1296 3582 virum
1323 3524 1481 3598 mundum,
1501 3522 1506 3602 Ι
1524 3535 1670 3596 sanctum,

575 3618 685 3677 iustum
701 3625 731 3675 et
745 3612 917 3685 facundum,
938 3611 941 3692 Ι
963 3613 1046 3672 Deus
1061 3611 1149 3672 nobis
1170 3612 1315 3689 praebuit.
1342 3658 1669 3674 ........................
1695 3633 1731 3691 5²
1736 3631 1752 3691 5

495 3709 544 3769 Ad
558 3707 678 3768 laudem
694 3701 823 3782 Virginis
842 3701 846 3782 Ι
864 3723 955 3780 quam
969 3704 1063 3780 replet
1083 3701 1224 3764 Flaminis
1243 3702 1248 3784 Ι
1267 3703 1406 3780 potentia.
1435 3750 1670 3764 ..................
1696 3707 1754 3781 489

494 3801 629 3862 Adludat
644 3801 739 3860 laetus
755 3798 830 3858 ordo
846 3797 975 3873 psallens
990 3795 1039 3873 pie
1054 3795 1232 3856 dulcifluum
1256 3815 1335 3855 nunc
1350 3795 1490 3857 Alleluia.
1518 3841 1672 3855 ............
1717 3797 1753 3870 ⁶7

492 3891 627 3953 Adludat
642 3909 699 3950 vox
715 3885 868 3949 Ecclesiae
887 3887 891 3966 Ι
911 3886 978 3946 voci
993 3885 1129 3947 caelestis
1144 3887 1244 3948 curiae
1263 3887 1268 3965 Ι
1287 3887 1375 3948 huius
1390 3887 1450 3949 diei
1469 3887 1570 3965 gratia.
1597 3932 1671 3946 ......
1699 3906 1755 3962 ²93

493 3985 543 4046 Ad
557 3981 660 4042 matris
674 3984 782 4041 Annae
797 3998 897 4040 annua
916 3977 920 4058 Ι
939 3980 1099 4040 recolenda
1114 3981 1282 4056 praeconia.
1310 4023 1669 4040 ...........................
1698 3981 1754 4037 182

493 4075 543 4135 Ad
559 4073 727 4133 mirandum
747 4071 751 4149 Ι
770 4083 799 4132 et
814 4071 998 4130 laudandum
1018 4081 1022 4150 Ι
1044 4071 1166 4130 Domini
1187 4069 1342 4148 magnalia.
1373 4114 1671 4129 .......................
1696 4070 1754 4143 467

495 4164 646 4224 Adoretur
661 4161 710 4222 ille
726 4162 810 4221 Deus
828 4160 833 4234 Ι
852 4179 941 4237 quem
959 4161 1119 4234 Iohannes,
1136 4181 1226 4240 quem
1251 4161 1432 4234 Matthaeus,
1454 4158 1458 4240 Ι
1478 4161 1584 4232 Lucas,
1597 4160 1675 4218 Mar-

578 4271 631 4312 cus
646 4249 826 4328 praedicant.
858 4293 1670 4308 .............................................................
1697 4266 1714 4322 3
1718 4265 1754 4323 3²

498 4333 622 4402 Adsunt
631 4337 712 4401 enim
728 4339 802 4399 festa
817 4337 981 4412 Paschalia,
994 4338 1161 4416 redemptio
1177 4353 1286 4400 nostra.
1311 4381 1671 4399 ...........................
1696 4353 1753 4412 405

498 4428 560 4512 [Ad
575 4429 649 4490 tanti
666 4428 756 4508 patris
773 4425 892 4508 studiat
920 4470 1672 4488 .......................................................
1699 4428 1757 4500 336

498 4522 547 4581 Ad
561 4520 665 4598 templi
680 4519 769 4580 huius
784 4519 887 4580 limina
902 4516 1047 4577 dedicata.
1072 4561 1673 4578 .............................................
1699 4516 1757 4590 376

497 4613 627 4690 Agmina
640 4614 718 4672 laeta
733 4613 878 4689 plaudant
892 4611 1010 4670 caelica.
1031 4651 1671 4670 ................................................
1698 4609 1757 4682 584

496 4701 621 4780 Agnetis
632 4701 791 4762 sollemnio
809 4701 813 4780 Ι
833 4699 937 4761 iubilat
949 4719 1016 4758 cum
1027 4701 1137 4778 gaudio
1156 4699 1160 4780 Ι
1178 4698 1403 4761 castitatisFilio
1422 4698 1427 4778 Ι
1446 4699 1675 4758 mundusamor.
1700 4714 1757 4772 303

496 4793 722 4872 Agrippinensis
740 4795 873 4871 plantula
891 4792 895 4872 Ι
916 4791 1013 4852 floruit
1028 4792 1058 4852 in
1077 4793 1220 4854 Ecclesia.
1248 4834 1674 4854 ...............................
1703 4807 1759 4864 130

499 4885 565 4944 Alle
579 4887 716 4957 caeleste,
732 4905 862 4945 necnon
878 4894 907 4944 et
923 4902 1055 4959 perenne
1069 4884 1137 4944 luia.
1165 4924 1662 4945 .....................................
1721 4881 1739 4936 6
1742 4895 1758 4955 5

502 4976 567 5035 Alle
582 4991 720 5035 resonent
736 4995 841 5035 omnes
856 4973 1000 5034 ecclesiae
1019 4971 1023 5053 Ι
1042 4994 1110 5035 cum
1126 4975 1207 5034 dulci
1223 4976 1303 5035 rnelo
1326 4975 1532 5052 symphoniae.
1560 5015 1674 5031 .........
1700 4988 1759 5045 309
