4102 5790
584 513 727 565 PROSAE
754 515 958 569 ECCLESIAE
984 518 1241 572 LINGONENSIS
1479 527 1546 599 135

590 711 611 773 9

331 819 413 882 lnde
429 829 547 884 sancto
562 841 649 904 quae
664 833 824 904 parantur

330 915 415 978 circa
432 935 553 998 corpus
573 917 785 1001 applicantur

372 1011 565 1096 lampadum
583 1014 736 1078 incendia
751 1037 758 1093 ;

330 1105 396 1171 Sed
410 1127 469 1190 per
484 1107 541 1172 illa
557 1129 617 1173 nec
633 1109 758 1174 doloris

330 1202 395 1267 ulla
411 1204 517 1286 signa,
533 1224 594 1268 nec
610 1205 737 1270 ardoris

371 1309 534 1383 apparent
549 1301 698 1386 vestigia.

581 1468 620 1514 10

328 1601 459 1666 Videns
475 1602 577 1665 iudex
595 1622 655 1665 nee
671 1603 846 1667 tormentis

327 1697 422 1776 hunc,
439 1718 500 1762 nec
516 1697 602 1761 flecti
620 1697 868 1774 blandimentis,

327 1813 386 1856 nec
402 1815 422 1857 a
438 1793 505 1859 fide
520 1814 600 1857 suae
616 1794 737 1858 mentis

369 1895 489 1960 mutari
505 1892 730 1957 constantiam
749 1915 756 1956 :

325 1996 341 2024 “
355 1992 502 2068 Fornax,
512 1991 528 2019 '’
541 1988 642 2064 iubet,
658 1992 675 2020 “
688 1987 884 2053 incendatur
892 1989 909 2015 ''

325 2087 356 2150 in
374 2106 440 2169 qua
456 2092 582 2162 martyr
597 2083 819 2148 comburatur.

326 2182 391 2247 Sed
409 2202 469 2246 nec
485 2179 645 2264 perhanc
663 2179 868 2258 molestatur,

369 2297 428 2341 nec
443 2277 545 2341 sentit
561 2275 759 2358 angustiam.

577 2435 611 2481 ll

325 2563 399 2627 Deo
415 2580 561 2644 namque
576 2567 773 2642 protectore,

324 2659 414 2723 nullo
430 2658 539 2722 laesus
555 2665 605 2720 est
621 2656 748 2732 ardore,

961 715 1020 760 nec
1037 697 1070 760 in
1086 708 1179 763 veste
1196 721 1255 763 nec
1273 702 1305 764 in
1323 723 1380 766 ore

1003 793 1073 856 visa
1089 804 1140 858 est
1156 797 1355 863 combustio.

963 889 1055 970 Ignis
1071 891 1160 953 enim
1175 901 1292 956 contra
1309 914 1436 960 morem

960 1004 1068 1048 rorem
1085 986 1198 1068 spirat,
1215 1008 1282 1052 non
1299 991 1453 1056 ardorem
1470 1015 1478 1072 ;

960 1079 1084 1145 Christi
1102 1082 1194 1147 iuvat
1210 1083 1406 1151 bellatorem

1002 1176 1197 1259 angelorum
1214 1182 1340 1246 concio.

1213 1314 1250 1360 12

1090 1405 1239 1472 Pretiosa

1090 1501 1214 1566 Christi
1232 1525 1315 1582 rosa,

957 1597 1012 1679 pio
1030 1597 1116 1680 Regi
1133 1618 1193 1662 nos
1209 1610 1395 1682 praesenta,
1482 1639 1483 1642 ¹

957 1713 1016 1775 per
1032 1713 1132 1775 quem
1149 1715 1276 1776 poenas
1293 1706 1327 1761 et
1342 1707 1511 1765 tormenta

1086 1789 1247 1868 devicisti,

1088 1897 1215 1968 martyr
1231 1889 1365 1967 Christi,

998 1981 1133 2047 Christo
1149 1982 1285 2066 placens
1300 1986 1411 2052 hostia
1426 2011 1433 2052 :

1085 2077 1135 2142 Ut
1150 2089 1184 2143 te
1199 2081 1294 2159 duce,

1083 2193 1160 2237 vera
1176 2172 1249 2238 luce

955 2289 1142 2332 mereamur
1156 2269 1321 2348 collocari,

956 2374 1080 2429 etcum
1097 2367 1221 2430 sanctis
1238 2367 1376 2450 epulari,

1084 2461 1139 2525 ubi
1155 2462 1255 2526 datur

1083 2557 1171 2640 quod
1189 2566 1326 2640 optatur

996 2653 1084 2717 vitae
1100 2673 1169 2735 pax
1186 2662 1220 2717 et
1235 2653 1350 2736 gloria.

306 2847 510 2935 'Manusorlh
525 2879 677 2932 AanLON
690 2894 695 2931 :
710 2876 782 2930 Bibl.
797 2875 869 2931 dela
881 2875 964 2944 Ville,
981 2890 1003 2945 1,
1018 2876 1119 2931 Missel
1128 2877 1164 2932 de
1178 2878 1313 2948 Langres,
1326 2892 1401 2947 1419,
1416 2879 1489 2933 AM.

316 3005 402 3058 Mone
414 3021 431 3057 a
444 3002 540 3072 publie
562 2975 710 3068 (tomeun,
723 3017 749 3070 p.
760 2998 824 3068 403)
835 3000 862 3053 la
874 2998 1014 3069 premiere
1033 3001 1150 3071 strophe
1164 3001 1200 3056 de
1220 3011 1295 3056 cette
1309 3003 1407 3058 Prose.
1439 3003 1539 3058 Danie

279 3086 365 3153 (tome
378 3096 405 3152 v,
417 3101 444 3154 p.
458 3080 522 3150 296)
535 3097 571 3137 en
585 3097 602 3134 a
615 3079 760 3152 reproduit
768 3080 810 3135 les
824 3079 892 3134 trois
902 3079 1040 3150 premiers
1048 3096 1121 3135 vers.

314 3263 364 3312 ad
396 3273 462 3328 spes
474 3265 564 3311 certat
579 3257 652 3310 AM.

315 3343 364 3406 3b
395 3335 574 3404 humanis(!)
588 3335 743 3407 lingonen.
776 3341 785 3388 l
815 3334 962 3406 oppressis
975 3335 1132 3407 Lingonen.
1165 3354 1198 3390 m
1231 3338 1364 3393 virtutem
1378 3339 1452 3393 ΑΜ.

312 3421 363 3483 nd
394 3417 524 3487 Cumque
541 3415 568 3469 T
564 3415 653 3471 ullen.

317 3518 362 3575 50
392 3513 499 3576 quanto
511 3503 622 3559 Eduen.

315 3599 331 3652 7
344 3590 391 3640 od
422 3583 587 3640 vexanla....
597 3585 692 3639 valent
705 3584 780 3638 ΑΜ.

316 3664 362 3720 8ο
392 3665 524 3735 amplexa
536 3664 691 3735 Lingonen.

315 3760 333 3814 9
390 3746 471 3799 Cette
484 3745 600 3814 strophe
613 3761 737 3816 manque
750 3743 823 3798 dans
839 3742 948 3798 Tullen.

302 3839 374 3893 10‚11
391 3825 481 3878 Entre
494 3841 541 3879 ces
554 3824 628 3879 deux
641 3824 773 3895 strophes
786 3840 823 3877 on
836 3823 868 3877 lit
881 3823 953 3878 dans
967 3823 993 3878 le
1008 3823 1108 3878 Missel
1119 3823 1155 3878 de
1169 3825 1242 3879 Toul
1259 3843 1265 3880 :

668 3961 745 4016 Hinc
765 3978 917 4032 oppressus
936 3970 978 4016 tot
997 3971 1025 4016 et
1045 3961 1131 4017 tantis

666 4058 753 4096 manu
773 4041 873 4096 turbae
892 4041 1046 4112 lapidantis

665 4138 730 4176 cum
749 4137 855 4175 corona
873 4121 1075 4191 triumphantis

701 4200 803 4255 transit
821 4201 859 4254 ad
878 4201 1021 4256 caelestia

316 4347 396 4402 Cette
409 4347 614 4418 demi-strophe
635 4356 728 4416 rompt
741 4347 767 4402 lo
780 4347 972 4417 parallelisme
985 4359 1012 4403 et
1027 4347 1087 4404 doit
1101 4347 1161 4404 itte
1174 4349 1340 4404 considente
1355 4367 1467 4406 comme
1481 4368 1536 4405 une

279 4425 489 4496 interpolation.

298 4579 327 4618 ιι
396 4568 437 4621 La
449 4565 587 4638 premiere
600 4567 690 4638 partie
703 4567 740 4622 de
753 4575 828 4622 cette
841 4568 957 4638 strophe
970 4584 1094 4639 manque
1106 4568 1179 4623 dans
1197 4569 1224 4622 Τ
1221 4568 1307 4623 ullen.

300 4658 366 4708 12h
398 4656 435 4710 Et
448 4665 476 4711 te
489 4655 601 4712 Eduen.
