4108 5794
618 573 760 627 PROSAE
788 578 992 630 ECCLESIAE
1019 581 1303 636 ATREBATENSIS
1513 583 1586 659 293

698 861 780 938 Nos,
796 881 854 943 per
871 861 1031 928 Iohannis
1048 867 1175 944 merita,

699 957 801 1034 Deus,
817 958 947 1024 exalto
963 961 1071 1040 visita,

698 1053 790 1133 pacis
807 1054 839 1117 in
856 1054 945 1117 viam
962 1057 1109 1139 dirigens
1124 1079 1131 1136 ;

699 1148 749 1212 Ut
765 1169 841 1212 curn
860 1149 970 1214 Iudex
986 1153 1161 1216 adveneris

699 1244 848 1327 assignes
865 1264 927 1308 nos
944 1247 974 1309 in
992 1247 1151 1327 dexteris,

699 1339 731 1402 in
749 1361 829 1403 vasa
844 1350 903 1404 tua
919 1341 1089 1425 colligens.

576 1613 653 1681 192.
688 1591 762 1664 oa
792 1591 1016 1666 snucro
1047 1593 1337 1669 o1ouusro.

635 1813 647 1858 1

371 1903 524 1969 Adludat
540 1928 608 1970 vox
626 1907 796 1971 Ecclesiae

371 2001 443 2063 voci
459 1999 612 2064 caelestis
629 2003 739 2066 curiae

370 2093 466 2158 huius
482 2095 547 2159 diei
563 2099 670 2179 gratia
687 2120 694 2176 ;

371 2189 448 2254 Lux
464 2191 528 2254 ista
544 2191 604 2254 lux
619 2202 670 2256 est
686 2195 814 2276 gratiae

369 2297 434 2360 qua
450 2279 594 2360 primum
612 2279 723 2343 lumen
743 2281 881 2346 Greciae

368 2375 494 2438 refulsit
512 2377 545 2439 in
565 2377 723 2442 Ecclesia.

629 2515 646 2560 2

370 2609 508 2674 Gratum
526 2612 649 2688 lumen,
666 2610 725 2675 lux
742 2613 849 2694 ignita

371 2727 434 2788 qua
451 2705 664 2788 resplendent
681 2707 809 2771 infinita

411 2803 504 2866 caelo
520 2803 697 2867 luminaria
712 2825 719 2881 ;

372 2899 436 2962 Hic
452 2910 503 2962 est
518 2899 727 2981 Areopagita

369 2995 421 3056 cui
437 3014 588 3076 propago
605 2995 683 3058 urbs
698 3005 748 3057 est
764 2995 828 3058 sita

411 3091 444 3153 in
461 3091 593 3154 caelesti
611 3091 726 3172 patria.

367 3323 423 3388 Ad
440 3323 526 3386 hanc
542 3323 658 3386 urbem
675 3323 722 3386 sic
738 3323 881 3400 devenit,

369 3439 445 3482 narn
462 3421 504 3482 de
520 3439 609 3501 pago
627 3419 772 3482 Romam
790 3419 889 3497 venit,

411 3516 561 3597 pervenit
579 3515 748 3580 Lutetiam
765 3538 773 3595 ;

372 3610 447 3673 Huc
463 3611 608 3674 directus
624 3613 689 3674 huc
705 3613 850 3690 advenit,

369 3703 421 3767 hic
437 3706 605 3769 destruxit
621 3727 721 3788 quam
739 3708 865 3771 invenit

412 3799 576 3864 idolorum
593 3803 733 3884 copiam.

372 4042 437 4105 Hic
453 4042 591 4107 lundata
609 4043 711 4109 domo
729 4047 792 4110 Dei

371 4139 479 4202 Deum
497 4139 586 4218 colit,
601 4139 698 4205 offert
715 4143 758 4206 Ei

412 4233 577 4298 idolorum
594 4235 701 4319 spolia
716 4259 724 4316 ;

371 4328 518 4394 Credunt
533 4341 651 4413 gentes
667 4343 700 4396 et
716 4334 748 4396 in
767 4334 812 4397 rei

371 4427 518 4490 novitate
534 4427 662 4492 servent
678 4429 745 4508 rel;

414 4523 503 4586 cadit
520 4523 683 4590 idolatria.

634 4661 648 4727 5

418 4767 483 4831 Sed
501 4787 568 4830 non
586 4767 666 4832 latet
682 4769 799 4832 civitas

419 4883 517 4946 supra
534 4873 682 4926 montem
699 4866 818 4946 posita,

419 4959 490 5023 Nee
507 4959 660 5023 lucernae
675 4961 808 5025 claritas

420 5074 499 5122 curn
513 5074 581 5118 non
598 5055 640 5119 sit
656 5055 862 5125 abscondita.

1262 1801 1283 1862 6

1003 1911 1098 1974 Furit
1114 1931 1194 1994 ergo
1210 1912 1259 1975 vir
1275 1912 1469 1995 prophanus

1000 2029 1100 2091 quem
1118 2009 1221 2072 mittit
1239 2010 1456 2073 Domitianus

1000 2113 1037 2168 ut
1052 2113 1243 2168 sanctorum
1261 2115 1367 2169 cesset
1384 2125 1512 2182 manus,

1044 2209 1174 2264 cessent
1190 2210 1224 2264 et
1240 2201 1393 2284 prodigia
1407 2223 1414 2280 ;

1000 2297 1116 2360 Prodit
1133 2295 1227 2359 miles
1244 2307 1420 2361 veteranus

998 2402 1124 2456 etcum
1141 2413 1181 2456 eo
1195 2413 1291 2456 sacra
1308 2413 1437 2468 manus,

997 2489 1108 2552 vincta
1125 2489 1236 2570 pedes,
1251 2490 1364 2553 vincta
1380 2507 1508 2564 manus,

1042 2605 1158 2648 omnes
1174 2586 1216 2650 ad
1234 2585 1407 2669 supplicia.

1258 2721 1277 2787 7

1000 2810 1092 2872 Nihil
1108 2811 1233 2873 obsunt
1249 2811 1318 2872 seni
1335 2829 1473 2891 poenae,

998 2906 1042 2968 nil
1059 2915 1196 2984 catasta,
1212 2904 1258 2968 nil
1275 2915 1421 2981 catenae,

1040 3001 1121 3064 nihil
1138 3011 1249 3063 crates
1263 2999 1367 3062 ferrea
1382 3022 1389 3076 ;

999 3097 1198 3178 Mitigantur
1214 3106 1323 3158 truces
1340 3095 1429 3158 serae

995 3203 1038 3269 et,
1053 3193 1134 3254 dum
1150 3193 1281 3274 cogitur
1296 3192 1412 3254 ardere

1040 3286 1138 3369 friget
1154 3288 1257 3350 virtus
1274 3286 1381 3368 ignea.

1259 3400 1277 3460 8

999 3506 1104 3570 Missa
1121 3504 1244 3569 Christi
1262 3505 1447 3568 celebratur

997 3611 1031 3666 et
1046 3623 1066 3666 a
1082 3622 1161 3664 sene
1177 3603 1257 3664 dum
1275 3610 1429 3664 cantatur

997 3697 1192 3780 angelorum
1209 3695 1303 3779 plebs
1320 3697 1460 3759 laetatur

1040 3803 1074 3857 et
1090 3792 1213 3857 Christi
1230 3791 1418 3874 praesentia
1432 3812 1439 3870 ;

999 3888 1139 3954 Carcere
1155 3887 1357 3964 debilitatur,

998 3985 1056 4048 sed
1073 4005 1093 4047 a
1109 3982 1244 4047 Christo
1260 3982 1475 4060 confortatur,

998 4083 1079 4144 dum
1096 4080 1139 4142 ab
1157 4080 1208 4142 Eo
1224 4079 1286 4142 sibi
1302 4079 1401 4142 datur

1042 4175 1195 4240 salutaris
1214 4175 1345 4239 Hostia.

1001 4395 1092 4458 Pane
1107 4393 1197 4456 vitae
1212 4305 1388 4475 vegetatur

1000 4499 1033 4553 et
1050 4489 1157 4553 lictori
1173 4498 1405 4572 praesentatur

1001 4585 1180 4669 gladioque
1196 4594 1449 4649 consummatur

1045 4681 1151 4745 laetus
1167 4681 1210 4745 de
1225 4681 1365 4745 victoria
1378 4701 1386 4759 ;

1003 4779 1134 4861 Martyr
1149 4788 1251 4860 caput
1268 4785 1482 4860 amputatum

1003 4893 1104 4937 manu
1120 4882 1241 4955 portat,
1258 4893 1300 4935 ne
1316 4882 1508 4938 truncatum

1003 4971 1047 5032 sit
1062 4989 1082 5032 a
1097 4978 1215 5032 trunco
1232 4977 1433 5050 separatum,

1050 5049 1108 5120 sed
1123 5057 1191 5120 sint
1208 5055 1307 5140 plena
1323 5057 1455 5154 gaudia.
