4102 5792
484 499 559 571 470
643 499 786 550 PROSAE
815 495 1017 546 ECCLESIAE
1046 497 1266 549 S.CORNEL11
1295 496 1604 552 COMPENDIENSIS

522 682 573 744 9b
605 693 733 731 summae
746 676 808 746 paci
825 676 856 745 Q.
864 676 896 729 R.
909 676 938 730 T.
951 675 1270 732 Fontisebraldennooo.
1302 692 1320 730 c
1343 675 1432 745 digne
1443 677 1476 730 R.
1500 679 1627 748 praemia
1640 681 1752 735 Fontis·

484 755 695 890 eblzassderffg?
693 797 763 890 caeli
778 833 903 888 sociatus
919 833 1237 887 Fonu'setraldmnooo.
1270 850 1288 887 c
1309 834 1404 903 ajoute
1416 850 1453 890 en
1465 851 1552 906 rouge
1561 851 1596 890 en
1607 838 1659 892 bas
1675 837 1712 892 de
1725 837 1753 892 la

487 932 560 984 page
577 915 607 969 T.

677 1147 758 1216 335.
792 1123 865 1194 DE
898 1121 1121 1197 SANCTO
1154 1121 1553 1198 PANTALEONF..

515 1369 539 1414 1.
564 1348 663 1414 Clara
679 1348 750 1412 dics
766 1357 800 1410 et
816 1347 955 1429 insignis
973 1355 1110 1410 renovat
1127 1346 1251 1411 Christi
1269 1347 1446 1429 magnalia,

512 1463 538 1509 2.
564 1445 693 1509 Chorus
710 1453 822 1508 noster
837 1443 944 1506 laetus
960 1443 1091 1525 plaudit
1109 1443 1322 1508 Pantaleonis
1339 1465 1400 1526 pro
1416 1444 1529 1527 gloria.

513 1593 540 1656 3.
565 1573 668 1642 Cuius
685 1574 784 1636 decor
801 1572 912 1636 floruit
928 1573 1118 1636 constantia
1135 1572 1274 1655 spiritali
1292 1573 1408 1655 gratia.

511 1689 541 1752 4.
567 1669 654 1733 Nam
673 1671 704 1732 in
722 1689 805 1732 aevo
821 1679 936 1732 tenero
952 1669 1135 1732 certamina
1150 1667 1305 1732 toleravit
1321 1670 1445 1761 gravia.

515 1809 540 1875 5.
567 1794 735 1857 Eulrosini
753 1795 953 1858 medicinam
970 1795 1088 1872 renuit,
1107 1793 1280 1857 Hermolai
1297 1795 1500 1858 documenta
1518 1796 1634 1874 tenuit,
1650 1796 1751 1860 simu-

623 1891 784 1954 lacrorum
802 1891 928 1954 cultum
946 1891 1080 1973 respuit,
1097 1909 1157 1952 nec
1174 1891 1314 1973 expavit
1331 1890 1502 1972 supplicia.

513 1989 542 2052 6.
567 1987 712 2069 Serpens
737 2007 880 2068 nequam
905 1989 1003 2069 signo
1030 1986 1135 2050 crucis
1163 1987 1301 2068 crepuit,
1330 2006 1441 2049 morsu
1467 1987 1559 2050 cuius
1587 2007 1669 2070 puer
1684 1990 1752 2053 vita

623 2083 736 2160 caruit,
754 2084 910 2146 miserum
927 2085 1016 2146 vitae
1032 2083 1112 2146 dum
1127 2083 1282 2158 restituit,
1298 2101 1392 2145 sacra
1408 2084 1492 2164 petit
1510 2085 1677 2165 mysteria.

516 2231 543 2294 7.
567 2213 677 2296 Quem
695 2214 775 2276 dum
792 2222 981 2296 patrantem
999 2221 1069 2276 tarn
1087 2213 1141 2294 pia
1157 2213 1262 2276 cernit
1278 2212 1431 2276 Caesaris
1448 2213 1587 2290 insania,

516 2312 544 2373 8.
569 2309 671 2373 Minis
687 2310 781 2372 addit
797 2310 978 2390 suspendia
995 2329 1094 2372 saeva
1110 2317 1274 2372 tortorum
1293 2309 1449 2390 nequitia.

516 2461 546 2523 9.
572 2441 659 2506 Caro
677 2441 789 2503 rastris
806 2441 976 2516 laceratur,
993 2441 1080 2504 latus
1096 2451 1196 2504 urunt
1213 2441 1376 2518 incendia,

499 2558 545 2604 10.
570 2541 700 2620 Martyr
715 2548 797 2615 orat,
814 2538 965 2602 Christus
982 2539 1104 2614 adstat,
1120 2558 1238 2602 manus
1255 2538 1396 2601 lassatur
1414 2537 1524 2621 impia.

499 2685 546 2732 11.
571 2666 626 2731 Sic
643 2668 812 2730 deridetur
828 2667 1002 2749 tyrannica
1018 2667 1168 2745 saevitia,

423 2849 426 2856 Ι
499 2781 546 2828 12.
571 2762 626 2827 Sic
642 2763 802 2845 gloriatur
819 2764 973 2845 martyris
989 2763 1160 2844 patientia.

500 2911 546 2976 13.
570 2895 669 2958 Nova
686 2905 782 2977 parat
798 2895 921 2959 Caesar
936 2903 1178 2958 tormentorum
1196 2913 1329 2976 genera,
1358 2893 1461 2958 fervet
1479 2896 1555 2977 igne
1576 2897 1752 2978 plumbum

627 3001 660 3054 et
676 2999 810 3072 sartago
826 2989 939 3066 ferrea,
955 2991 1012 3054 sed
1030 2989 1143 3052 divina
1159 2989 1351 3052 consolatur
1365 2999 1545 3072 martyrem
1557 2993 1754 3072 praesentia.

500 3105 547 3166 14.
571 3086 674 3170 Lapis
702 3086 787 3149 collo
813 3105 921 3148 nexus
947 3094 1042 3148 natat
1067 3105 1166 3166 super
1191 3104 1344 3167 aequora,
1371 3104 1471 3147 manu
1494 3085 1617 3150 Christi
1633 3088 1755 3152 ductus

628 3191 754 3263 martyr
770 3189 883 3263 captat
900 3181 1033 3258 littora;
1050 3181 1127 3243 hinc
1156 3179 1325 3244 laudanda
1347 3179 1530 3244 Salvatoris
1553 3181 1668 3246 existit
1689 3181 1753 3246 cle·

628 3278 760 3340 mentia.

501 3423 548 3488 15.
572 3407 703 3469 Leones
720 3405 836 3487 [hunc]
848 3407 1034 3480 adorantes,
1048 3405 1196 3488 leopardi
1209 3417 1406 3469 venerantes
1420 3406 1593 3488 lingebant
1607 3409 1755 3492 vestigia,

503 3503 545 3565 16.
574 3501 695 3564 Illaeso
712 3510 821 3562 stante
838 3509 992 3582 martyre,
1009 3510 1081 3563 rota
1099 3500 1176 3565 salit
1192 3511 1226 3564 et
1242 3501 1358 3564 infelix
1376 3503 1497 3565 corruit
1515 3501 1660 3585 perfidia.

502 3647 548 3710 17.
572 3629 672 3695 Oliva
688 3628 830 3692 fructum
848 3630 995 3712 protulit,
1012 3649 1085 3692 cum
1115 3631 1220 3694 iustus
1246 3650 1360 3693 ensem
1386 3631 1532 3711 pertulit,
1558 3652 1620 3714 pro
1640 3653 1755 3697 cruore

628 3717 679 3780 lac
696 3717 794 3791 saliit,
810 3718 856 3780 sic
873 3717 1004 3781 scandit
1020 3718 1062 3782 ad
1080 3717 1246 3781 caelestia.

502 3819 547 3881 18.
572 3815 724 3880 Gloriose
741 3827 867 3898 martyr
884 3837 953 3893 ave,
969 3815 1175 3899 supplicibus
1192 3815 1257 3879 tuis
1274 3817 1358 3894 lave,
1375 3817 1554 3898 impetrata
1571 3819 1676 3896 venia,

502 3930 547 3990 19.
573 3913 623 3977 Ut
638 3922 714 3994 post
727 3912 823 3976 huius
833 3912 933 3976 finem
948 3913 1036 3975 vitae
1047 3921 1350 3990 mereamurtecum
1364 3931 1436 3975 esse
1448 3912 1481 3976 in
1492 3914 1626 3978 caelesti
1639 3915 1755 3997 gloria,

499 4060 548 4106 20.
572 4043 722 4125 Agmina
739 4042 850 4106 fidelia
867 4044 922 4106 ubi
939 4052 1085 4107 canunt:
1102 4043 1256 4106 Alleluia.

534 4224 742 4274 Manuscrlts.
766 4219 878 4274 Parus:
898 4220 968 4273 Bibl.
986 4221 1061 4286 Nat,
1079 4219 1171 4288 16823‚
1183 4219 1282 4274 Missel
1291 4219 1327 4274 de
1339 4218 1582 4288 saint-Corneille,
1591 4218 1650 4272 xiiie
1660 4219 1755 4290 siecle,

499 4301 538 4364 0,·
572 4298 664 4366 17318,
681 4298 769 4364 Idem,
785 4299 827 4363 Ρ,·
861 4313 953 4367 17319‚
976 4299 1065 4366 Idem,
1079 4299 1122 4367 Q‚·
1156 4313 1248 4366 17321‚
1272 4299 1421 4364 ldem,ll‚·
1456 4312 1548 4367 17329,
1574 4298 1698 4354 Graduel
1719 4299 1756 4355 de

497 4377 739 4446 Saint·Corneille,
753 4377 813 4431 xiii⁰
823 4377 915 4446 siecle,
931 4381 954 4432 S
958 4399 972 4442 ,·
1006 4379 1098 4447 16828,
1115 4379 1204 4447 Idem,
1218 4378 1276 4432 xiva
1290 4377 1383 4446 siecle,
1397 4379 1426 4432 T.

530 4525 547 4574 4
568 4511 630 4562 lam
643 4507 671 4560 in
680 4523 751 4561 aevo
766 4509 798 4562 O.

532 4601 545 4657 5
566 4586 728 4642 Enstrosini
742 4587 772 4641 S.

528 4671 544 4722 6
564 4669 631 4721 dum
644 4668 719 4721 vitae
734 4667 765 4720 Ρ.
792 4667 925 4721 miserum
936 4669 1056 4723 restituit
1070 4669 1136 4722 dum
1151 4669 1225 4723 vitae
1239 4686 1319 4723 sacra
1329 4668 1399 4738 petit
1414 4669 1592 4736 mysteriali.

529 4749 544 4801 8
565 4749 648 4801 Unus
661 4747 740 4800 addit
760 4747 787 4800 T.
823 4746 901 4800 Finis
915 4747 994 4801 addit
1011 4749 1042 4818 Q.

515 4843 546 4880 ro
563 4827 672 4881 laxatur
685 4827 718 4880 R.

514 4921 545 4976 ¹¹3
562 4905 646 4960 terret
659 4907 723 4974 igne
740 4907 771 4976 Q.
805 4905 932 4960 divinum
945 4907 978 4960 P.
992 4907 1023 4974 Q.

513 4993 545 5053 14Ι
554 4985 628 5040 'huic
641 4985 784 5040 laudanda
799 4986 828 5040 Τ.
859 4985 965 5041 exstitit
978 4986 1009 5040 O.
1022 4987 1053 5040 R.
