4102 5792
472 550 615 602 PROSAE
643 550 846 602 ECCLESIAE
874 549 1092 603 &CORNELII
1127 551 1439 602 COMPENDIENSIS
1518 535 1589 624 485

366 734 588 786 Manuserlts.·
600 729 696 784 anls
708 747 715 785 :
730 729 802 784 Bibl.
819 731 895 798 Nat.,
911 729 1005 796 16823,
1016 728 1117 784 Missel
1125 729 1162 784 de
1171 727 1417 797 saint-Corneille,
1428 728 1591 801 xiii⁸siecle,

334 811 378 876 0,·
424 807 613 878 17318,ldem
626 809 671 874 P,·
717 810 972 878 17321‚1dem,R;
1019 823 1113 878 17329‚
1136 808 1261 863 Graduel
1283 808 1320 863 de
1346 808 1592 881 Salat-Corneille,

331 891 390 946 xiii·
398 890 492 958 siecle,
508 890 549 954 S‚·
576 889 637 958 827,
650 889 759 959 Missel,
772 889 903 943 xiie-xire
913 887 1007 957 siecle,
1020 889 1054 946 Z.
1087 889 1259 944 LONDRES:
1280 890 1380 945 Musee
1395 889 1473 960 Brit,
1497 893 1590 947 Stowe

331 972 391 1042 840,
404 978 452 1025 xv‘
462 971 557 1038 siecle,
571 971 630 1025 LR.

370 1101 390 1154 r,
405 1103 429 1156 2,
444 1101 467 1155 3.
488 1086 579 1158 Apris
589 1088 630 1142 les
640 1086 713 1142 deux
725 1087 863 1158 premiers
876 1103 947 1156 vers,
967 1088 1130 1158 empruntes
1152 1089 1393 1144 textuellementa
1411 1090 1438 1144 la
1455 1091 1543 1145 Prose
1556 1091 1592 1148 de

333 1167 547 1223 Saint-Nicolas
561 1167 687 1238 (K.669)‚
701 1185 738 1223 on
756 1169 787 1223 lit
805 1169 877 1223 dans
890 1168 923 1222 Z.
947 1178 974 1223 et
995 1167 1067 1222 dans
1087 1169 1112 1224 le
1127 1168 1270 1224 Brevialre
1284 1169 1320 1222 de
1338 1169 1454 1227 Geneve
1466 1171 1503 1226 de
1526 1187 1570 1242 15¹
1577 1187 1591 1240 3

333 1248 373 1302 les
387 1248 528 1304 variantes
541 1249 589 1320 qui
603 1249 714 1304 suivent
728 1267 734 1304 :

558 1345 591 1400 Z.
606 1356 634 1401 et
647 1345 706 1400 LR.
1147 1345 1231 1398 Brev.
1239 1345 1389 1400 Gebennen.

439 1443 613 1498 Katherinae
631 1443 810 1513 disputantes
1070 1442 1243 1497 Katherinae
1262 1442 1456 1513 disputantum

472 1520 626 1575 confutavit
639 1520 718 1576 ratio.
1104 1519 1182 1573 affuit
1202 1521 1352 1590 praesidio.

634 1613 650 1652 2
1271 1613 1286 1650 2

436 1672 613 1742 Baptizatur
630 1691 699 1728 uxor
717 1674 791 1742 regis
1002 1700 1005 1708 ·
1070 1673 1184 1730 Candor
1201 1672 1304 1729 mentis
1322 1674 1376 1730 fusi
1395 1673 1477 1730 lactis

472 1748 554 1803 simul
573 1767 637 1804 cum
658 1749 814 1820 Porphirio.
1104 1761 1278 1806 monstratur
1296 1750 1409 1808 indicio.

438 1825 495 1880 Lac
514 1826 612 1881 effudit
631 1844 682 1897 pro
701 1843 808 1896 cruore,
1070 1829 1246 1898 Baptizatur
1263 1845 1332 1882 uxor
1351 1829 1425 1899 regis

470 1903 543 1956 collo
562 1920 647 1959 caeso
665 1903 769 1973 gladio.
1103 1921 1243 1959 unacum
1263 1905 1421 1975 Porphirio.

438 2053 462 2108 0
480 2072 566 2124 quam
582 2057 686 2126 probat
702 2061 828 2109 sanctam
849 2055 906 2110 Dei
1068 2055 1210 2126 Sepelitur
1228 2056 1405 2112 ministrante

471 2143 596 2186 rotarum
615 2132 778 2200 confractio,
1103 2133 1217 2188 caelesti
1238 2134 1396 2200 consortio;

437 2209 530 2278 Quam
549 2208 578 2262 in
598 2209 668 2263 Sina
681 2209 809 2280 sepelivit
1065 2211 1090 2264 O
1108 2227 1194 2278 quam
1209 2210 1314 2279 probat
1330 2216 1458 2265 sanctam
1475 2213 1534 2268 Dei

472 2286 638 2354 angelorum
656 2286 765 2342 concio.
1103 2296 1227 2341 rotarum
1246 2287 1410 2343 confractio.

369 2420 418 2459 aa
449 2405 585 2476 sapientis
600 2405 629 2460 S.
661 2412 682 2460 rl
714 2405 787 2476 plexi
801 2415 865 2461 sunt
879 2407 912 2460 P.

371 2499 383 2554 5
404 2485 560 2556 regreditur
572 2505 695 2557 manque
707 2487 780 2542 dans
793 2487 823 2542 S.
856 2487 998 2556 egreditur
1014 2487 1047 2542 Z.
1064 2487 1387 2557 Brev.Gebennrn.1513.

626 2757 708 2828 347.
744 2735 818 2808 DE
848 2733 1072 2808 SANCTO
1104 2734 1313 2808 ELlGlO.

644 2974 654 3018 l
1269 2973 1291 3026 4

381 3075 507 3141 Sancto
522 3078 609 3160 patri
625 3085 659 3142 et
675 3078 800 3160 pastori
1011 3075 1100 3140 Nihil
1120 3075 1281 3139 blandum
1299 3076 1387 3140 hunc
1403 3076 1522 3156 illexit,

380 3171 586 3236 sollemnizet
602 3173 699 3236 huius
714 3174 806 3236 chori
1009 3172 1053 3235 nil
1071 3191 1224 3254 asperum
1242 3171 1331 3234 hunc
1347 3171 1479 3237 reflexit

423 3269 561 3332 celebris
577 3269 760 3346 harmonia,
1055 3289 1073 3330 a
1090 3267 1157 3330 veri
1174 3269 1340 3330 sententia
1356 3289 1363 3345 ;

382 3363 506 3428 Psallat
523 3365 619 3443 intus,
635 3365 757 3447 psallat
773 3364 852 3428 soris
1054 3363 1181 3426 Ridens
1199 3362 1288 3426 velut
1303 3363 1471 3426 somnium

380 3459 505 3523 clamor
521 3462 629 3538 cordis
645 3471 678 3524 et
695 3461 766 3524 laus
782 3461 847 3523 oris
1053 3480 1072 3522 a
1089 3479 1209 3521 somno
1225 3459 1432 3541 surgentium

423 3556 504 3619 caeli
522 3555 655 3638 pulsent
671 3558 764 3621 atria.
1057 3555 1171 3617 mundi
1189 3553 1363 3618 lenocinia.

643 3696 660 3741 2
1275 3692 1289 3756 5

382 3801 513 3884 Dignus
530 3802 665 3883 quidem
683 3801 781 3865 laude
797 3801 902 3866 multa
1011 3800 1112 3882 Ergo,
1127 3799 1250 3862 relictis
1266 3800 1433 3882 omnibus,

381 3917 555 3980 perquem
573 3900 699 3961 mundo
716 3909 792 3961 sunt
810 3899 937 3961 indulta
1012 3897 1078 3958 iam
1095 3895 1203 3957 carnis
1220 3895 1316 3956 exsul
1334 3897 1464 3958 actibus

427 4006 521 4060 tanta
538 3996 706 4074 beneficia,
1058 3993 1192 4058 exsulat
1208 4015 1227 4056 a
1244 3995 1361 4076 patria,

430 4091 479 4158 Ut
495 4093 565 4156 eius
582 4094 766 4176 patrocinio
1015 4091 1060 4154 Et
1077 4111 1159 4154 mox
1176 4091 1218 4154 ad
1235 4111 1320 4173 opus
1337 4111 1496 4156 manuum

429 4199 561 4254 curetur
575 4191 684 4253 omnis
701 4189 812 4267 laesio,
1015 4190 1182 4251 neminem
1199 4207 1304 4270 aeque
1320 4197 1491 4252 strenuum

430 4295 550 4350 cuncta
566 4288 688 4350 cedant
704 4288 825 4368 gravia.
1059 4283 1140 4347 sella
1156 4283 1276 4366 probat
1293 4284 1392 4366 regia.

650 4424 667 4486 3
1276 4406 1297 4466 6

389 4526 455 4610 Qui
471 4527 609 4590 caelitus
629 4529 842 4610 praeelectus,
1018 4527 1104 4591 Cum
1121 4545 1272 4608 gemmas
1289 4545 1369 4588 auro
1385 4524 1535 4591 foederat

389 4645 433 4687 ex
450 4645 484 4687 re
501 4643 623 4687 nomen
641 4635 691 4687 est
706 4625 850 4706 adeptus
1020 4622 1193 4687 materiam
1210 4631 1393 4702 exsuperat

433 4729 665 4802 praecurrente
681 4721 797 4804 gratia,
1062 4719 1172 4802 operis
1189 4718 1361 4794 industria,

394 4815 430 4878 ln
448 4816 620 4899 primaevo
636 4818 685 4880 sui
703 4817 783 4880 llore
1021 4817 1174 4898 Cumque
1190 4833 1309 4878 manus
1325 4824 1482 4896 operatur

391 4933 524 4976 carnem
541 4913 650 4976 frenat
665 4915 804 4977 arctiore
1023 4912 1164 4977 lectione
1180 4912 1351 4994 saginatur

434 5013 541 5077 victus
557 5013 771 5096 parcimonia.
1065 5011 1124 5075 otii
1142 5032 1235 5075 mens
1252 5013 1371 5075 nescia.
