4094 5796
567 469 709 523 Prosae
736 470 939 522 accussrna
966 465 1258 523 Anosonvun’srs
1496 454 1542 544 67

288 647 380 701 rutilat
389 648 426 702 E.
438 651 471 704 F.
482 649 521 704 K.
534 649 566 704 P.
576 649 605 704 S.
619 649 805 717 Andagaven.
832 663 906 718 1523·
919 651 1031 704 Eduen.
1053 651 1209 718 Lingonen.
1241 646 1360 702 rutilans
1382 649 1454 704 omis
1474 650 1546 704 dans

288 725 325 780 Ν.
338 726 370 795 Q.
384 728 447 783 LE.
465 729 514 784 LI.
538 729 721 798 Hercforden.
736 729 930 784 Samsbun'en.
963 731 1070 800 lampat
1091 727 1124 797 (l)
1147 728 1182 782 E.
1192 727 1231 781 K.
1242 727 1272 780 0.
1288 727 1353 781 RA.
1400 739 1428 783 et
1445 731 1547 800 sophia

289 805 324 858 N.
338 807 389 861 LI.
400 809 585 879 Andagaven.
597 808 781 874 Hereforden.
796 808 950 879 Lingonen.
967 810 1160 864 Samsbun'en.
1173 809 1274 860 ROTH-
1302 817 1330 860 et
1348 809 1439 863 sociat
1461 811 1500 865 A.
1511 810 1546 866 Ε.

289 885 326 940 K.
335 886 368 942 P.
381 887 413 956 Q.
424 889 490 943 ΕΑ.
519 887 575 943 iarn
589 899 667 959 patet
681 887 759 944 socia
773 888 803 942 S.

307 980 340 1019 20
358 968 467 1023 confert
479 969 529 1023 LI.
543 969 608 1022 ΚΑ.
631 969 812 1036 Andagaven.
831 983 839 1021 r
847 981 904 1038 523.
916 970 962 1022 Ro
969 979 1021 1022 ΤΗ.
1052 969 1133 1023 adest
1147 967 1181 1021 B.
1195 968 1235 1022 K.
1262 967 1359 1022 omnia
1374 969 1435 1024 LD.

307 1059 349 1114 20,
359 1061 390 1100 21
413 1049 502 1102 Entre
515 1065 563 1103 ces
570 1049 645 1102 deux
655 1047 803 1116 clausules,
815 1065 851 1102 on
862 1047 894 1102 lit
904 1049 977 1104 dans
987 1049 1016 1102 Ρ.
1027 1069 1037 1102 .·

325 1127 458 1182 Concede
475 1138 604 1198 tempora
623 1128 706 1182 nobis
726 1127 827 1182 felicia.
859 1129 936 1197 Post,
954 1128 1092 1182 scandere
1111 1127 1178 1196 alta,
1200 1126 1314 1197 polique
1336 1127 1470 1184 machina
1486 1127 1547 1200 [m],

289 1204 411 1274 gloriosa
422 1207 549 1262 Genitrix
562 1208 686 1262 domina.
1141 1208 1145 1214 “

306 1299 336 1339 21
359 1286 404 1340 En
420 1287 451 1356 Q.
485 1299 618 1343 resonant
631 1289 668 1342 A.
698 1298 811 1342 resonet
825 1287 860 1342 E.
875 1288 937 1343 LE.
971 1289 1016 1341 En
1030 1297 1145 1342 resonat
1159 1303 1314 1342 camoenas
1328 1287 1439 1342 Eduen.

307 1379 341 1432 24
359 1366 489 1422 dindima
501 1367 529 1422 in
544 1369 639 1422 saecla
651 1384 741 1437 usque
755 1367 789 1420 B.
800 1367 840 1420 K.

324 1447 404 1503 Cette
418 1449 506 1502 Prose
523 1447 564 1502 tut
577 1447 632 1502 tres
651 1446 797 1518 populaire
810 1464 846 1501 en
858 1447 881 1500 F
882 1464 968 1502 rance
987 1459 1015 1502 et
1028 1464 1064 1502 en
1078 1448 1247 1516 Angleterre
1261 1447 1388 1517 pendant
1402 1448 1428 1502 le
1443 1449 1550 1518 Moyen

290 1525 351 1596 Age
362 1547 370 1594 ;
383 1544 420 1582 on
433 1527 461 1582 la
473 1537 572 1581 trouve
585 1527 658 1582 dans
671 1528 698 1581 la
712 1527 825 1597 plupart
839 1527 890 1582 des
903 1527 1020 1584 anciens
1035 1528 1151 1582 Missels
1166 1526 1336 1582 manuscrits
1349 1536 1377 1582 et
1396 1528 1550 1598 imprimes.

407 1765 465 1837 45.
498 1743 573 1816 DE
604 1742 642 1817 S.
666 1743 947 1818 MAVRICIO
979 1743 1052 1817 ET
1081 1743 1263 1818 SOCllS
1294 1743 1432 1818 EIVS.

317 1945 340 1991 1.
363 1927 517 1993 Adludat
534 1929 641 1992 laetus
657 1931 741 1993 ordo
757 1929 904 2012 psallens
920 1929 974 2012 pie
990 1929 1185 1993 dulcifluum
1203 1950 1292 1993 nunc
1310 1929 1469 1995 Alleluia.
1514 2010 1516 2014 .

315 2073 342 2122 2.
366 2057 524 2122 Carmina
539 2079 745 2141 concrepans
762 2058 902 2136 tinnula,
919 2057 1045 2121 mellita
1062 2059 1181 2140 iugans
1197 2079 1323 2140 organa

315 2169 341 2234 3.
366 2153 522 2218 Laudum
540 2154 675 2219 Christo
691 2155 891 2238 tymiamata
907 2175 976 2217 vox
992 2165 1092 2217 canat
1108 2154 1234 2236 liquide
1251 2165 1374 2219 nostra.

313 2302 343 2364 4.
366 2282 398 2348 O
421 2303 522 2366 quarn
543 2286 744 2362 veneranda,
768 2284 921 2361 colenda,
944 2287 1119 2350 tremenda
1139 2285 1296 2362 Trinitas,
1321 2284 1493 2348 adoranda
1517 2295 1551 2350 et

425 2380 544 2444 Deitas
561 2401 636 2445 una.
1311 2459 1322 2468 ⁸

319 2489 344 2557 5.
368 2475 479 2560 Quam
497 2476 566 2559 poli
582 2478 718 2560 agmina
735 2477 832 2540 nivea
848 2476 989 2541 iubilant
1006 2477 1266 2560 timpanizantes
1283 2477 1387 2560 lyrica
1400 2475 1549 2541 modula·

424 2593 516 2636 mma
530 2595 538 2653 ;

316 2704 345 2769 6.
367 2704 533 2787 Angelica
550 2713 584 2768 et
600 2704 834 2787 archangelica
851 2714 961 2767 turma
978 2705 1068 2770 canit
1084 2706 1136 2767 cui
1152 2725 1234 2767 voce
1251 2705 1410 2768 iocunda:

318 2815 345 2880 7.
369 2800 523 2877 Sanctus,
536 2811 681 2877 sanctus,
694 2808 830 2864 sanctus
840 2810 873 2863 et
885 2801 1053 2864 Dominus
1065 2801 1158 2863 Deus
1168 2802 1394 2882 omnipotens,
1407 2819 1551 2882 regnans

425 2896 458 2959 in
475 2897 593 2962 saecla.

319 3025 347 3089 8.
369 3023 568 3106 Apostolica
585 3025 701 3088 laudat
726 3024 815 3088 hunc
836 3025 1021 3100 harmonia,
1046 3035 1231 3107 martyrum
1258 3044 1392 3107 quoque
1413 3023 1552 3100 cithara,

426 3121 654 3184 consessorum
671 3143 709 3184 ac
728 3121 893 3204 virginum
910 3121 992 3202 lyra.

318 3234 346 3298 9.
370 3215 501 3300 Quibus
517 3217 644 3296 sociata
660 3217 748 3299 legio
764 3215 934 3293 Thebaea,
958 3217 1058 3280 hodie
1083 3237 1144 3296 pro
1171 3207 1306 3282 Christo
1334 3237 1440 3294 caesa,
1466 3235 1555 3280 nunc

428 3311 576 3376 laureata
592 3332 698 3377 ovans
719 3313 903 3394 hymnizat.

303 3460 349 3508 10.
372 3442 405 3508 Ο
420 3443 623 3520 dulcissima,
640 3444 785 3527 Oquam
802 3443 954 3525 largiflua
972 3443 1110 3506 Domini
1132 3444 1320 3520 clementia,
1336 3453 1432 3506 tanta
1450 3443 1556 3506 millia

304 3555 349 3603 11.
374 3538 440 3622 Qui
456 3549 526 3604 tarn
543 3541 654 3604 lucida
670 3540 803 3603 salvans
819 3539 873 3603 die
890 3559 957 3603 una
972 3540 1014 3603 de
1027 3560 1084 3602 ore
1098 3539 1284 3603 Leviathan
1299 3539 1388 3602 levat
1401 3539 1444 3602 ad
1457 3549 1556 3603 astra.

301 3685 349 3734 12.
373 3667 506 3734 Gaudet
522 3669 673 3751 phalanx
690 3668 822 3746 caelica,
839 3666 930 3732 lucra
953 3669 1137 3750 suscipiens
1150 3679 1220 3732 tam
1243 3669 1342 3732 beata
1359 3690 1366 3740 ;
1382 3667 1557 3732 exsultans

429 3765 528 3830 tellus
545 3764 708 3848 efflagitat
724 3767 873 3847 ipsorum
891 3767 1087 3846 patrocinia.

305 3877 351 3941 13.
375 3861 509 3944 Plangit
525 3863 624 3926 turba
640 3863 735 3946 picea
751 3871 901 3943 ereptam
922 3863 1082 3942 praedam
1099 3883 1119 3923 a
1142 3881 1202 3924 sua
1219 3882 1343 3944 poena;
1359 3861 1441 3943 quid
1465 3859 1560 3923 doles

431 3978 549 4022 omnes
566 3979 633 4022 non
651 3959 772 4042 perire,
789 3957 820 4023 O
838 3956 958 4020 infelix
976 3957 1126 4020 invidia?

307 4121 351 4185 14
375 4102 576 4183 OMaurici‚
591 4107 664 4169 dux
680 4106 713 4168 in
730 4105 831 4182 curia,
847 4113 881 4166 te
904 4112 1102 4185 poscentum
1127 4111 1235 4166 errata
1259 4103 1314 4185 pie
1339 4122 1474 4180 excusa,
1497 4103 1560 4166 vir·

432 4210 611 4284 tutumque
627 4203 671 4265 da
687 4200 833 4264 monilia.

309 4309 354 4376 15.
377 4297 408 4363 Ο
427 4297 578 4380 Exuperi
602 4307 635 4361 et
659 4296 822 4373 Candide,
839 4295 1007 4360 Innocens
1030 4304 1132 4376 atque
1147 4294 1275 4373 Victor,
1290 4303 1478 4377 cunctaque
1494 4304 1562 4358 tur-

434 4413 498 4470 ma,
514 4392 711 4457 laudantum
728 4392 842 4455 audite
859 4401 1002 4473 precata.

311 4531 355 4594 16.
379 4529 445 4614 Qui
473 4533 540 4595 iarn
569 4530 774 4614 stelligerata
798 4530 967 4594 meruistis
991 4529 1126 4612 palatia,
1151 4531 1248 4594 nobis
1277 4530 1385 4616 liliosa
1412 4528 1565 4612 flagitate

434 4628 635 4711 campestria
643 4649 651 4705 ;

313 4737 358 4802 17.
381 4722 516 4788 Christo
541 4744 609 4806 quo
633 4732 813 4800 annuente,
838 4721 941 4785 iubila
962 4721 1205 4805 symphoniaca
1230 4743 1419 4806 pangamus
1444 4741 1565 4786 aurosa

437 4819 469 4883 in
486 4819 555 4902 poli
572 4839 670 4883 amen
688 4821 851 4884 dindima.

315 4957 360 5018 18.
382 4956 456 5021 Ave
469 4977 556 5021 nunc
570 4958 636 5021 iarn
651 4957 737 5040 legio
750 4957 848 5033 alma,
859 4957 1031 5020 ovatizans
1044 4957 1176 5021 saecula
1189 4979 1247 5040 per
1258 4969 1394 5024 cuncta:
1407 4957 1562 5024 Alleluia.
