4116 5784
616 540 759 592 PROSAE
786 540 989 592 Eccuusmu
1016 542 1269 594 BELVACENSIS
1497 540 1568 615 307

407 802 488 874 203.
521 777 619 852 DIE
649 778 728 852 Vll
759 779 1022 854 OCTAVAE
1051 779 1483 857 ASSVMPTIONIS.
1555 771 1558 780 ¹

618 1039 631 1086 ¹
1246 1037 1266 1102 7

361 1155 542 1221 Iubilemus
557 1156 787 1221 collaudantes
985 1155 1095 1238 Super
1110 1154 1230 1220 choros
1247 1156 1441 1239 angelorum

398 1251 567 1316 communi
585 1251 722 1332 laetitia,
1029 1273 1072 1330 es,
1089 1252 1287 1336 perpulchra
1304 1251 1461 1332 Domina,

357 1347 595 1413 Collaudemus
609 1356 808 1411 venerantes
986 1347 1159 1425 Exaltata,
1174 1357 1208 1412 et
1224 1358 1416 1413 sanctorum

399 1443 549 1526 Virginis
566 1442 744 1526 magnalia.
1029 1443 1117 1509 laeta
1133 1445 1239 1508 cernis
1255 1445 1400 1527 agmina.

616 1603 635 1648 2
1247 1589 1266 1651 8

357 1729 408 1793 De
423 1749 490 1812 qua
506 1727 668 1806 Christus,
685 1737 863 1812 potestate,
987 1728 1049 1794 Per
1064 1717 1098 1793 te
1115 1730 1183 1794 vita
1200 1739 1381 1813 reparatur,

398 1845 465 1888 non
482 1834 602 1888 natura
618 1825 761 1907 genitus,
1028 1839 1137 1907 perte
1154 1845 1243 1889 mors
1260 1827 1462 1907 destruitur;

357 1921 521 1984 Mundum
539 1940 600 1984 sua
616 1921 743 2003 pietate
987 1919 1103 1983 Homo
1120 1920 1232 2003 lapsus
1249 1932 1462 2002 restauratur,

398 2015 539 2080 salvavit
555 2016 722 2080 divinitus.
1029 2036 1088 2099 per
1104 2025 1136 2080 te
1153 2016 1246 2081 caelo
1262 2018 1419 2084 redditur.

356 2283 447 2348 Ante
463 2292 597 2367 partum
613 2283 708 2366 virgo
726 2283 858 2362 mansit,
983 2282 1067 2360 Ave,
1084 2283 1207 2348 Christi
1224 2284 1369 2367 gloriosa

397 2387 431 2443 et
447 2380 479 2442 in
497 2387 594 2462 partu
612 2379 778 2462 equidem,
1026 2377 1181 2445 Genitrix
1198 2389 1231 2446 et
1248 2380 1342 2461 Filia,

354 2475 408 2540 Ac
424 2485 500 2558 post
517 2485 649 2559 partum
666 2478 876 2542 conservavit
984 2475 1093 2559 Super
1108 2497 1225 2540 omnes
1241 2478 1401 2561 speciosa,

398 2572 625 2636 Deus-Homo
640 2573 812 2656 virginem.
1026 2572 1090 2637 Dei
1107 2573 1207 2656 plena
1223 2574 1332 2656 gratia
1345 2596 1354 2658 ;

614 2724 637 2786 4
1238 2725 1278 2772 10

356 2837 514 2922 Quicum
533 2840 639 2916 Patre,
655 2841 726 2903 sine
744 2840 863 2917 Matre,
984 2839 1061 2904 Tibi
1078 2849 1199 2904 cuncta
1215 2841 1422 2908 famulantur

396 2936 511 2999 omnia
529 2935 729 3018 composuit,
1027 2935 1060 2998 in
1078 2935 1173 3000 terris
1189 2938 1366 3014 terrestria,

355 3029 410 3096 Sic
425 3051 469 3095 ex
488 3031 607 3108 Matre,
622 3033 693 3095 sine
711 3032 817 3110 Patre,
984 3029 1095 3114 Quam
1112 3031 1145 3092 in
1162 3030 1263 3094 caelis
1279 3042 1479 3100 venerantur

396 3127 493 3191 nobis
509 3127 601 3191 nasci
617 3127 734 3192 voluit.
1026 3125 1140 3190 omnia
1156 3125 1321 3192 caelestia.

616 3274 631 3341 5
1235 3277 1269 3323 11

354 3391 384 3457 Ο
401 3411 503 3474 quam
515 3390 613 3456 dulce
625 3391 891 3470 condimentum,
984 3389 1086 3472 Ergo,
1103 3389 1238 3469 Sancta,
1254 3393 1309 3457 die
1325 3394 1399 3474 isto,

397 3487 428 3554 Ο
445 3497 573 3571 quanta
590 3488 767 3572 mysteria!
1029 3487 1126 3550 nobis
1142 3487 1187 3551 sis
1202 3490 1357 3572 propitia,

355 3583 496 3667 Oquam
509 3605 668 3668 magnum
684 3593 941 3662 sacramentum,
986 3581 1017 3649 O
1035 3583 1153 3662 Maria,
1170 3603 1298 3668 nosque
1315 3585 1449 3654 Christo

397 3681 546 3765 Oquam
564 3701 688 3764 magna
707 3680 852 3764 gaudia!
1033 3699 1130 3762 prece
1146 3680 1331 3747 reconcilia.

613 3813 635 3874 6
1236 3828 1273 3874 12

352 3941 459 4025 Virgo
475 3939 598 4023 estqui
616 3948 802 4021 generatur,
982 3938 1032 4005 Ut
1048 3960 1227 4023 sequamur
1241 3961 1317 4006 cum
1335 3942 1448 4008 electis

395 4049 429 4104 et
444 4039 553 4120 Virgo
568 4057 655 4120 quae
671 4045 808 4119 generat
824 4059 832 4116 ;
1027 4036 1166 4119 Agnum
1183 4037 1254 4101 sine
1272 4040 1411 4118 macula,

355 4134 399 4200 Et
415 4134 459 4199 ab
475 4135 548 4217 ipsa
564 4131 762 4197 collaetatur
986 4131 1170 4196 Emundati
1187 4133 1350 4198 adelictis

397 4254 497 4320 quam
515 4242 594 4298 ante
609 4231 830 4298 formaverat!
1027 4249 1086 4313 per
1102 4238 1238 4294 aeterna
1254 4231 1395 4298 saecula.

923 4407 960 4470 13

659 4521 772 4588 Amen
789 4521 879 4586 dicat
895 4539 976 4584 voce
992 4518 1150 4584 dulciflua

662 4619 783 4684 chorus
799 4627 922 4696 noster,
938 4635 1015 4681 cum
1033 4625 1146 4679 mente
1162 4615 1287 4681 sedula.

348 4817 556 4868 Manuscrlts.
574 4810 679 4864 Pokis:
695 4809 767 4863 Bibl.
775 4809 800 4861 N
805 4817 852 4877 at,
864 4821 939 4876 1139,
951 4803 1089 4874 Tropaire
1098 4803 1134 4858 de
1146 4803 1366 4875 saint-Martial,
1375 4805 1522 4876 xii‘siecle,
1534 4809 1574 4872 P,·

317 4905 410 4962 10511,
424 4889 558 4960 Graduel,
573 4887 622 4943 riie
631 4887 724 4957 siecle,
740 4887 772 4958 Q.

351 5060 399 5102 aa
431 5047 544 5118 Deque
558 5045 638 5098 Deus
650 5041 800 5098 Belvacen.
830 5057 848 5095 c
878 5055 929 5094 sua
942 5045 1085 5108 potestate
1097 5038 1132 5094 P.
