4094 5796
592 476 734 528 PROSAE
762 475 964 528 ECCLESIAE
990 479 1041 528 AN
1048 475 1283 529 DEGAVENSIS
1527 479 1568 552 51

355 666 387 704 10
406 651 505 707 traicia
516 653 553 708 E.
565 653 597 708 G.
608 654 648 708 K.
662 653 690 706 Α
694 653 847 724 ndegaven.

353 745 393 800 11,
408 746 447 787 12.
468 733 596 802 Quorum
614 743 732 802 agentes
756 733 827 788 festa
846 734 1021 788 consortium
1037 735 1068 789 0.
1083 734 1114 804 Q.
1126 735 1159 788 R.
1173 733 1204 789 U.
1217 734 1276 787 LB.
1289 733 1349 788 LH.
1360 734 1421 788 LE.
1435 735 1496 790 LG.
1509 736 1572 790 OA.

316 811 502 881 Andegaven.
519 813 706 866 Aurelianen.
718 813 901 883 Hercsorden.
932 815 1005 868 festo
1026 813 1169 869 consortio
1185 814 1221 868 Ν.
1257 813 1329 867 festa
1350 813 1492 868 consortia
1505 815 1572 870 LH.

320 891 378 946 OB.
391 891 450 946 CA.
463 893 519 946 CB.
531 893 686 947 Eboracen.
697 893 808 947 Eduen.
821 893 1011 948 Sarisburt'en.

354 985 384 1024 12
404 969 532 1040 ingentes
546 972 568 1026 I.
596 973 712 1028 caelesti
725 973 816 1041 gloria
828 974 862 1026 R.
873 973 904 1028 U.
916 973 971 1028 CB.
987 976 1013 1026 Α
1018 975 1174 1044 ndegaven.
1185 974 1372 1027 Aurelianen.
1387 973 1571 1044 Hercfhrden.

353 1049 432 1105 Cette
455 1051 552 1120 Prose,
565 1051 622 1106 tres
635 1051 784 1121 ancienne,
802 1053 850 1122 qui
863 1069 894 1106 se
913 1064 1010 1107 trouve
1030 1054 1103 1107 dans
1117 1069 1154 1107 un
1171 1054 1263 1122 grand
1276 1053 1395 1107 nombre
1408 1053 1445 1107 de
1456 1053 1572 1109 Missels

317 1131 451 1200 Francais
472 1142 500 1185 et
520 1132 649 1201 Anglais,
669 1150 700 1186 se
726 1149 860 1202 compose
883 1132 1000 1186 debuit
1023 1134 1163 1188 clausules
1186 1133 1335 1203 paralleies
1357 1133 1462 1188 suivies
1487 1135 1570 1189 d’une

317 1209 419 1280 iongue
433 1210 516 1266 finale
530 1213 557 1280 (9
571 1213 588 1265 a
600 1211 642 1279 η)
659 1211 723 1266 d'oh
737 1211 763 1266 le
776 1211 966 1282 parallelisme
979 1223 1022 1268 est
1036 1214 1145 1267 absent.
1174 1214 1220 1267 On
1233 1213 1264 1268 lit
1279 1231 1316 1267 un
1331 1223 1406 1268 texte
1419 1213 1475 1268 tres
1493 1213 1571 1269 diffe-

317 1301 377 1345 rent
387 1290 459 1346 dans
472 1293 499 1346 le
509 1291 646 1362 Tropaire
656 1292 693 1346 de
707 1292 977 1362 Fleury-sur·Loire.
1008 1295 1090 1347 Nous
1104 1293 1130 1348 le
1144 1294 1308 1364 publierons
1319 1295 1382 1364 plus
1393 1295 1465 1349 tard.

559 1485 616 1556 33.
652 1461 727 1533 na
757 1458 982 1534 snuc‘ro
1013 1461 1313 1537 avraorro.

622 1633 633 1678 1
1252 1631 1266 1696 5

400 1739 549 1803 Victima
566 1739 690 1804 Christi
708 1739 841 1810 victoris
987 1750 1004 1776 ‘⁴
1022 1742 1161 1809 Osanna
1178 1745 1312 1810 Christo
1329 1756 1514 1827 cantantes

443 1834 551 1899 factus
569 1835 762 1917 Eutropius,
986 1841 1084 1906 flores
1100 1864 1139 1906 ac
1156 1863 1267 1907 ramos
1283 1843 1351 1908 vidi
1368 1855 1551 1926 portantes.
1559 1846 1574 1874 ¹'

403 1931 549 1995 Herodis
565 1941 602 1994 ut
618 1932 711 1994 stetit
728 1931 793 1993 oris

444 2045 527 2110 puer
542 2026 595 2090 hic
612 2027 775 2110 egregius.
1251 2005 1273 2067 6

619 2173 638 2219 2
1097 2191 1141 2200 —
1157 2156 1203 2221 Et
1219 2165 1347 2222 restant
1363 2157 1430 2220 alia

405 2279 480 2342 iesu
496 2278 565 2342 vita
581 2277 705 2342 enecta
1097 2252 1385 2336 pluramirabilia·

402 2395 461 2458 per
476 2373 601 2437 samam
619 2372 809 2453 intellecta;
1252 2419 1271 2486 7

510 2470 674 2532 accedens

510 2564 547 2628 fit
563 2567 703 2629 credens
946 2546 962 2573 ‘⁴
981 2542 1034 2605 De
1050 2541 1201 2623 gemellis
1218 2542 1285 2605 vidi
1303 2542 1449 2625 piscibus

468 2674 502 2728 et
517 2683 706 2728 conversus·
947 2647 1049 2720 atque
1065 2638 1107 2700 de
1127 2638 1276 2721 quinque
1292 2647 1406 2721 pastos
1423 2639 1577 2721 panibus.

621 2800 637 2862 3
1252 2795 1270 2855 8

405 2903 536 2965 Patrem
554 2911 671 2984 petens
688 2908 841 2983 precatus
948 2935 1097 2999 Credcns
1113 2944 1147 2998 et
1164 2933 1334 3000 Christum
1351 2945 1493 3013 secutus,

406 2996 494 3060 hunc
511 3006 611 3074 amet,
627 2996 714 3060 hune
732 3002 902 3078 sequatur;
947 3039 999 3094 tot
1014 3032 1119 3113 signis
1136 3033 1288 3108 adjutus,

948 3125 1045 3190 bonis
1057 3127 1245 3192 Xanctonis
1258 3148 1375 3208 passus
1386 3149 1459 3191 sum
1474 3127 1578 3191 vere.’'

513 3113 595 3156 mox
612 3093 723 3156 Deum

513 3181 556 3244 ad
573 3199 649 3243 eum

469 3285 519 3340 est
535 3295 695 3340 reversus.
1252 3294 1273 3356 9

621 3415 644 3476 4
952 3413 1091 3490 Scimus,
1110 3412 1242 3476 Christe
1257 3414 1304 3476 sic
1321 3412 1423 3475 fuisse
1437 3434 1444 3490 ;

470 3553 512 3562 -
529 3515 601 3590 Dic,
617 3514 705 3578 nosti
722 3514 843 3595 qualia,
944 3509 1041 3573 nobis
1057 3529 1142 3591 quos
1158 3511 1361 3590 praemissae

471 3610 624 3692 Eutropi,
640 3609 803 3691 prodigia.
946 3627 996 3670 res
1013 3605 1096 3668 dant
1112 3607 1268 3686 gaudere,
1285 3605 1365 3682 Rex,
1385 3605 1543 3670 miserere.

357 3771 406 3821 ad
436 3775 466 3819 ut
479 3764 600 3819 credens
612 3763 765 3818 Tomacen.

357 3850 437 3914 3od
469 3847 564 3899 Deum
577 3861 642 3898 mox
656 3843 770 3899 adeum
790 3843 972 3914 Andegwen.
992 3843 1128 3895 Hedonen.
1143 3841 1169 3893 T
1166 3858 1293 3894 ornaccn.
1308 3841 1482 3893 Xanctonen.

359 3938 405 3994 5a
436 3935 572 3979 canentes
592 3925 775 3994 Andagaocn.
797 3923 936 3976 Redonen.
957 3923 1132 3975 Xanctonen.
1168 3920 1300 3975 biauvais
1314 3930 1398 3989 texte,
1411 3919 1581 3974 contrairea

325 4004 352 4058 la
363 4004 440 4060 rime.

357 4085 373 4137 8
386 4102 402 4138 e
432 4083 589 4139 sanctionis
603 4083 789 4151 Andagaven.
810 4082 947 4136 Redonen.
972 4082 998 4134 Τ
994 4098 1123 4136 ornacen.
1138 4080 1236 4136 n’offre
1250 4097 1301 4151 pas
1315 4079 1351 4134 de
1366 4096 1441 4134 sens.
1464 4081 1503 4134 Le
1519 4078 1580 4132 vrai

327 4171 400 4220 texte
411 4181 429 4220 a
442 4163 487 4219 ete
500 4162 636 4218 conserve
649 4180 701 4233 par
713 4163 888 4217 Xanctonen.

357 4258 374 4312 9
386 4261 405 4299 a
437 4243 582 4299 Christum
596 4243 781 4312 Andagaven.
795 4243 934 4296 Redonen.
952 4241 979 4294 Τ
976 4258 1104 4296 macen.

615 4433 671 4502 34.
706 4407 781 4482 na
811 4406 1037 4481 snucro
1067 4407 1274 4482 vvous.

628 4581 639 4627 1
1259 4578 1277 4623 2

407 4675 545 4743 Caelum
563 4696 693 4740 sacrum
713 4674 884 4738 Ecclesiae
1042 4674 1118 4752 Hic,
1134 4673 1306 4756 speculum
1323 4673 1492 4750 scientiae,

408 4773 519 4838 emisit
536 4791 659 4834 novum
677 4771 817 4848 radium,
1038 4791 1168 4832 sacrum
1186 4769 1307 4833 dilexit
1323 4770 1482 4845 studium,

365 4894 367 4898 ·
408 4867 573 4943 Yvonem,
590 4867 660 4929 eius
677 4865 791 4941 filium,
1042 4887 1109 4948 quo
1125 4867 1216 4928 venit
1232 4866 1274 4928 ad
1293 4865 1461 4947 fastigium

409 4962 535 5027 fontem
553 4962 635 5025 lucis
652 4963 853 5026 Britanniae.
1042 4961 1185 5024 Divinae
1200 4961 1393 5043 sapientiae.
