4096 5794
775 491 916 540 PROSAE
944 489 1147 540 ECCLESIAE
1175 491 1424 543 EBROICENSIS

1094 687 1116 746 4

865 781 983 844 Gaude
1002 781 1100 856 mitis,
1116 782 1227 861 gaude
1244 784 1308 865 pia,

777 897 841 959 ope
857 877 950 939 cuius
966 876 1135 938 sceleratis
1151 877 1248 940 venia

775 983 810 1034 et
827 972 934 1035 beatis
950 971 1165 1035 conferuntur
1181 972 1338 1055 praemia.

1098 1097 1113 1162 5

866 1195 993 1274 Gaude,
1009 1196 1052 1259 de
1068 1216 1134 1280 qua
1150 1208 1226 1261 sunt
1243 1198 1374 1278 gaudia,

864 1290 906 1353 de
922 1310 989 1373 qua
1004 1301 1118 1353 nostra
1134 1290 1269 1354 laetitia.

1094 1406 1115 1464 6

869 1516 972 1578 Maris
988 1516 1094 1594 stella,
1111 1517 1175 1578 Dei
1192 1515 1284 1593 ceila,

913 1631 973 1693 pro
990 1610 1087 1675 nobis
1104 1610 1287 1694 interpella.

514 1749 721 1800 Manuscrsts.
746 1728 878 1797 dvnrux
891 1762 896 1797 :
920 1745 1019 1798 Musde
1030 1744 1065 1798 de
1079 1745 1106 1798 la
1119 1743 1200 1812 ville,
1213 1759 1256 1812 99,
1273 1745 1371 1798 Missel
1382 1729 1531 1812 d'Iivreun
1543 1748 1738 1816 (ayantautre-

478 1826 531 1880 sois
545 1834 700 1894 appartenu
714 1823 729 1876 a
745 1823 836 1877 Raoul
848 1824 887 1877 du
902 1823 983 1891 Fon),
996 1823 1145 1890 xv⁶sitcie‚
1159 1824 1189 1876 E
1195 1824 1221 1876 V.
1254 1825 1368 1878 Rouau
1382 1843 1387 1877 :
1410 1825 1481 1880 Bibl.
1492 1826 1528 1880 de
1541 1827 1568 1879 la
1581 1827 1662 1894 Vilie,
1677 1843 1737 1894 304,

480 1904 579 1959 Missel
593 1888 744 1970 d’Evreux,
754 1902 906 1968 xnsitcle,
918 1903 984 1956 RN.

514 2031 565 2080 ab
596 2025 773 2079 lactaverunt
789 2023 816 2076 E
823 2024 850 2077 V.

516 2136 596 2188 Nous
605 2149 693 2187 avons
707 2132 809 2202 publid,
819 2139 850 2186 n⁰
863 2147 920 2202 109,
930 2149 985 2186 une
1000 2133 1088 2187 Prose
1101 2135 1147 2204 qui
1161 2135 1217 2188 ale
1231 2135 1323 2189 meme
1337 2135 1424 2191 debut
1437 2154 1492 2206 que
1507 2137 1576 2190 celle
1585 2136 1653 2190 dont
1665 2155 1738 2191 nous

479 2216 611 2269 donnons
626 2214 660 2268 ici
675 2214 701 2268 le
715 2223 797 2268 texte.

796 2409 878 2480 374.
912 2388 985 2458 DE
1018 2387 1203 2461 ΒΕΑΤΑ
1235 2390 1428 2463 nnnrn.

790 2573 801 2618 1
1414 2557 1436 2618 6

527 2662 620 2726 Sicut
636 2670 768 2742 pratum
785 2662 968 2742 picturatur
1156 2663 1249 2725 Haec
1266 2672 1315 2724 est
1332 2663 1448 2725 mundi
1465 2664 1637 2728 medicina

569 2777 645 2820 vere
661 2757 768 2819 vernis
784 2755 929 2834 floribus
1200 2759 1314 2822 mundi
1332 2777 1478 2840 purgans
1495 2759 1619 2836 lolium,

526 2852 636 2916 Mater
654 2853 717 2914 Dei
734 2851 893 2934 figuratur
1157 2854 1251 2917 Haec
1268 2864 1318 2916 est
1334 2875 1408 2917 rosa
1424 2855 1495 2917 sine
1512 2855 1616 2937 spina,

569 2949 717 3030 mysticis
734 2949 942 3012 nominibus:
1198 2951 1360 3012 castitatis
1377 2949 1491 3014 lilium.

786 3071 804 3116 ²
1416 3071 1434 3133 7

527 3162 622 3225 Haec
638 3170 688 3224 est
705 3169 818 3224 nostra
836 3160 1030 3234 Sunamitis‚
1157 3161 1251 3223 Haec
1267 3170 1318 3223 est
1334 3161 1431 3223 turris
1447 3181 1548 3242 quarn
1566 3161 1702 3224 vallavit

569 3267 681 3320 nostra
698 3255 942 3338 tympanistria,
1198 3259 1389 3338 incorrupta
1406 3254 1553 3332 firmitas,

524 3353 591 3416 Via
608 3355 703 3428 vitae,
720 3373 795 3415 vera
812 3353 887 3414 vitis
1156 3351 1251 3416 Haec
1266 3352 1440 3416 castellum
1457 3353 1547 3434 quod
1566 3353 1702 3416 intravit

569 3457 602 3511 et
618 3448 700 3512 cella
719 3447 853 3511 vinaria.
1198 3447 1269 3511 sola
1285 3447 1388 3511 Verbi
1404 3449 1535 3513 veritas.

789 3570 805 3633 3
1417 3556 1435 3617 8

529 3658 623 3720 Haec
636 3667 686 3718 est
703 3677 826 3739 sponsa
843 3657 1034 3721 Salomonis
1159 3657 1253 3720 Haec
1270 3669 1319 3720 est
1336 3659 1464 3738 scirpea
1480 3655 1602 3720 fiscella

570 3752 800 3815 fermentatrix
817 3751 949 3828 femina,
1198 3753 1373 3834 parvulum
1393 3753 1573 3833 excipiens,

527 3849 602 3932 Qua
619 3858 749 3910 vetusta
767 3849 947 3911 Pharaonis
1157 3849 1251 3912 Haec
1268 3859 1317 3911 est
1334 3868 1453 3931 parens
1470 3859 1503 3912 et
1520 3849 1629 3930 puelia

570 3944 732 4007 relevatur
748 3944 884 4007 sarcina.
1199 3946 1270 4008 sine
1286 3955 1380 4027 patre
1397 3945 1535 4026 pariens.

528 4151 621 4214 Haec
638 4071 944 4223 lucerna‚4Paradisi
1153 4151 1267 4232 Virga,
1283 4149 1399 4231 Virgo,
1416 4067 1625 4232 duncuparis,

568 4249 689 4308 ostium
707 4257 740 4308 et
756 4246 864 4322 ianua,
1043 4281 1048 4288 ·
1198 4246 1371 4327 templum,
1388 4266 1455 4320 vas,
1471 4247 1652 4308 sacrarium
1668 4269 1675 4324 ;

526 4345 621 4406 Haec
638 4341 798 4404 Vervecis
814 4353 864 4406 est
880 4343 979 4406 occisi
1157 4343 1256 4405 Porta
1272 4343 1395 4416 clausa,
1412 4341 1471 4405 lux
1489 4341 1613 4418 solaris,

567 4437 713 4520 genitrix
731 4438 885 4519 ingenua.
1198 4437 1280 4501 caeli
1299 4437 1519 4500 luminarium.

788 4555 802 4621 5
1411 4559 1449 4603 10

525 4645 619 4707 Haec
636 4653 685 4706 est
702 4643 790 4706 scala
806 4662 873 4727 qua
892 4645 1064 4706 descendit
1154 4643 1271 4705 Rubus
1288 4644 1417 4718 ardens,
1433 4641 1538 4704 vellus
1555 4641 1703 4719 madens,

565 4739 704 4802 calciata
722 4739 848 4816 Deitas
1198 4738 1367 4803 Gedeonis
1383 4758 1468 4814 area,

523 4837 617 4899 Haec
634 4844 683 4897 est
701 4835 792 4898 littus
809 4837 850 4898 ad
867 4836 957 4918 quod
975 4836 1081 4898 tendit
1152 4836 1240 4898 Fons
1257 4836 1416 4917 signatus
1432 4834 1527 4896 ferax
1545 4834 1652 4910 tellus,

565 4941 696 4994 nostrae
714 4931 809 4994 molis
825 4933 978 5014 gravitas.
1191 4951 1331 5014 granum
1348 4933 1420 4995 sine
1436 4931 1541 5013 palea.
