4116 5784
496 538 565 608 342
807 533 949 586 PROSAE
976 534 1180 586 ECCLESIAE
1208 535 1445 587 MORINENSIS

676 736 757 806 234.
790 713 864 786 DE
895 711 1188 788 SS.CYRICO
1218 714 1290 787 ET
1323 712 1567 786 1VL1TTA„

800 913 812 959 ¹
1429 912 1446 975 3

587 1015 676 1093 Veni,
692 1015 832 1092 Christe,
851 1015 989 1080 caelitus
1211 1017 1247 1080 ln
1266 1037 1374 1099 agone
1391 1017 1490 1099 positi

578 1124 610 1176 et
622 1115 732 1176 emitte
747 1113 892 1194 Spiritus
1210 1115 1385 1178 tormentis
1401 1115 1547 1197 expositi
1613 1161 1623 1180 .

580 1210 696 1275 Sancti
711 1209 777 1272 Tui
794 1209 936 1286 radium,
1209 1213 1364 1274 manibus
1380 1212 1582 1288 nocentium,

582 1309 643 1370 Per
658 1307 776 1370 horum
793 1305 950 1388 suffragia
1209 1309 1280 1370 Nec
1297 1309 1465 1371 horrorem
1482 1309 1621 1371 carceris

579 1423 719 1488 quorum
737 1413 815 1467 sunt
831 1401 1005 1466 sollemnia
1210 1424 1271 1467 nec
1287 1405 1447 1486 cuiusque
1462 1407 1592 1487 generis

579 1502 623 1564 da
639 1499 736 1563 nobis
752 1499 924 1562 auxilium.
1210 1502 1392 1564 timuerunt
1410 1501 1569 1583 gladium.

798 1649 816 1694 2
1425 1652 1448 1712 4

581 1759 674 1822 Iusta
690 1759 762 1841 lege
780 1759 885 1822 mutui
1213 1759 1272 1822 Isti
1290 1779 1351 1840 pro
1367 1759 1425 1836 Te,
1443 1757 1598 1834 Domine,

580 1855 705 1932 vivunt,
721 1876 781 1936 pro
797 1855 848 1918 Te
864 1857 996 1930 mortui,
1208 1865 1243 1918 et
1258 1875 1318 1937 pro
1336 1855 1400 1917 Tui
1418 1854 1553 1916 nomine

580 1973 655 2015 cum
672 1963 761 2016 sorte
776 1953 968 2030 viventium,
1209 1953 1297 2034 passi
1314 1961 1391 2016 sunt
1406 1953 1559 2028 exitium,

581 2049 673 2114 Caeli
690 2049 763 2130 lege
779 2048 900 2132 perfrui
1210 2050 1327 2112 Fortes
1342 2049 1390 2112 tui
1408 2049 1538 2126 milites,

581 2147 719 2210 tradidit
735 2147 848 2229 exigui
1210 2156 1406 2229 paupertate
1422 2148 1550 2223 divites,

583 2245 743 2326 temporis
760 2244 965 2326 martyrium.
1213 2245 1244 2306 in
1262 2264 1365 2325 regno
1381 2243 1583 2308 caelestium.

1118 2371 1133 2437 5

913 2500 944 2565 O
961 2521 1020 2564 vos
1037 2509 1139 2563 testes
1156 2500 1295 2563 Domini

910 2623 1028 2666 vocare
1044 2603 1229 2683 dignemini

908 2698 971 2763 hoc
988 2710 1138 2763 nostrum
1155 2699 1359 2762 consortium

909 2797 965 2859 nd
983 2796 1119 2860 virtutes
1134 2796 1297 2874 meritum,

910 2894 952 2956 ad
968 2893 1088 2956 salutis
1101 2893 1233 2969 exitum,

909 2991 952 3054 ad
964 3001 1102 3072 perenne
1111 2989 1287 3073 gaudium.

532 3169 677 3224 Imitation
699 3168 738 3224 du
765 3169 840 3240 Veni,
861 3172 963 3226 Sancte
984 3173 1120 3241 Spiritus.
1150 3173 1231 3226 Nous
1249 3171 1402 3242 indiquons
1419 3188 1471 3241 par
1487 3171 1539 3225 des
1558 3169 1690 3241 italiques
1712 3171 1754 3226 les

492 3250 774 3322 empruntstextuels.

746 3493 828 3566 235.
861 3470 936 3544 DE
967 3469 1191 3544 SANCTO
1223 3469 1503 3542 MARTINO.

801 3665 813 3710 1
1428 3660 1444 3723 3

578 3785 805 3849 Archisummi
823 3783 983 3867 praesulis
1211 3783 1344 3844 Partem
1361 3780 1411 3843 sui
1428 3779 1520 3862 pallii

578 3890 609 3952 in
628 3889 765 3952 Martini
781 3887 886 3952 titulis
1211 3885 1298 3947 caesi
1315 3882 1401 3945 lerro
1418 3881 1520 3964 gladii

580 3988 704 4068 gaudet
720 3985 809 4049 orbis
825 3985 942 4062 orbita,
1209 3982 1299 4044 nudo
1315 3979 1408 4043 dedit
1425 3979 1545 4042 obvio:

581 4085 684 4149 Cuius
700 4091 825 4146 canunt
841 4083 941 4146 hodie
1214 4077 1290 4160 Qua
1306 4087 1414 4141 tectus
1430 4075 1585 4160 apparuit

579 4203 637 4266 per
653 4182 815 4246 mundum
832 4179 991 4244 ecclesiae
1210 4174 1370 4252 Christus,
1386 4175 1521 4238 dicens:
1537 4173 1680 4238 “Induit

579 4291 648 4346 tam
666 4279 835 4362 praeclara
852 4279 980 4341 merita.
1212 4275 1269 4337 Me
1286 4273 1452 4336 Martinus
1469 4271 1581 4354 pallio.
1595 4271 1610 4297 '¹

798 4411 816 4456 ²
1428 4407 1451 4467 4

579 4519 690 4582 Natus
706 4518 738 4579 in
757 4516 938 4592 Pannonia,
1215 4513 1252 4574 ln
1270 4511 1416 4574 latrones
1433 4509 1558 4584 incidit,

578 4615 665 4680 altus
682 4616 714 4677 in
734 4614 841 4690 Italia,
1211 4628 1269 4691 per
1285 4607 1374 4671 hunc
1390 4606 1475 4670 latro
1491 4606 1641 4684 credidit,

578 4725 738 4796 patro-nus
754 4713 786 4775 in
805 4711 935 4790 Gallia;
1208 4707 1297 4770 illico
1313 4704 1536 4782 Christicola;

577 4813 720 4878 Sanctus
736 4811 779 4874 ab
796 4809 945 4885 infantia,
1209 4804 1323 4868 Rediit
1340 4804 1371 4866 in
1389 4803 1542 4886 patriam,

577 4909 721 4973 mundus
738 4908 770 4970 in
789 4905 916 4981 militia,
1207 4901 1304 4966 matri
1321 4900 1450 4965 confert
1466 4901 1619 4982 gratiam,

578 5005 672 5069 miles
689 5014 805 5068 contra
821 5003 910 5066 vitia.
1206 5009 1301 5083 pater
1318 4998 1398 5072 colit
1415 4997 1513 5062 idola.
