4094 5796
507 569 553 642 70

791 565 933 616 PROSAE
962 565 1165 617 ECCLESlAE
1192 563 1483 616 ANDEGAVENSIS

665 765 724 840 47.
757 744 816 819 ru
846 741 1297 821 rnnusmrroue
1327 741 1365 817 s
1387 739 1611 818 rvours.

816 941 828 986 l

571 1057 660 1121 Laus
676 1063 710 1118 et
726 1053 835 1118 honor
852 1053 1040 1130 Trecoriae,

569 1153 672 1216 decus
689 1160 723 1214 et
738 1150 842 1214 decor
859 1147 1001 1226 Galliae,

570 1249 630 1312 lux
646 1256 680 1310 et
696 1245 855 1328 splendor
874 1247 1076 1324 Britanniae,

569 1345 689 1407 beatus
704 1342 780 1405 Yvo
795 1341 924 1405 colitur.

571 1439 662 1522 Ergo
679 1439 795 1502 laudes
811 1437 959 1501 eximiae

569 1535 692 1599 dentur
707 1553 788 1597 suae
805 1532 987 1596 memoriae

569 1652 608 1696 ac
625 1631 894 1714 praeimmensae
910 1629 1037 1712 gloriae

569 1747 637 1811 qua
653 1727 686 1790 in
704 1725 798 1790 caelo
815 1725 1006 1808 perfruitur,

812 1862 830 1908 2

570 1975 640 2040 Ubi
657 1975 701 2038 ab
716 1974 790 2056 ipso
806 1973 953 2037 cernitur

572 2072 650 2135 Rex
666 2072 699 2134 in
717 2090 834 2134 serena
851 2069 945 2148 facie,

571 2178 605 2234 et
620 2167 729 2232 celsus
744 2167 887 2232 thronus
905 2167 1034 2231 Mariae

571 2267 628 2348 qui
643 2265 746 2347 Regis
762 2264 887 2328 throno
903 2264 1063 2346 iungitur.

572 2362 646 2426 Illic
662 2361 725 2424 sibi
741 2362 938 2424 conceditur

570 2457 748 2520 subvenire
765 2456 911 2537 propitie

571 2553 741 2616 humanae
757 2552 966 2633 indigentiae

572 2657 608 2711 ut
625 2668 682 2730 per
698 2647 815 2710 orbem
832 2647 1050 2730 dignoscitur.

818 2793 835 2856 3

575 2897 714 2964 Claudis
729 2917 862 2980 gressus
879 2897 1064 2975 revertitur,

574 2993 635 3058 lux
651 2997 759 3058 caecis
774 2995 970 3071 restituitur,

574 3091 696 3172 Aegris
712 3091 802 3154 salus
818 3089 1001 3154 effunditur

574 3188 715 3253 mortuis
732 3189 800 3251 vita
817 3187 976 3250 redditur.

811 3327 834 3386 4

572 3433 746 3495 Mutorum
763 3430 878 3512 lingua
894 3430 1045 3512 solvitur,

570 3529 759 3591 vinctorum
776 3525 865 3589 funis
884 3528 1061 3608 rumpitur,

572 3622 673 3705 Aqua
689 3642 825 3685 currens
840 3622 1001 3686 dividitur

572 3719 678 3800 postis
695 3717 816 3801 longus
832 3717 980 3782 efficitur.

816 3855 832 3920 5

577 3961 775 4026 Incendium
792 3961 1029 4043 exstinguitur,

576 4059 676 4121 maris
692 4066 804 4121 tumor
820 4057 1020 4140 reprimitur,

574 4154 765 4236 hydropisis
780 4154 997 4230 consumitur,

574 4260 608 4314 et
624 4249 775 4333 paralisis
792 4250 929 4314 tollitur.

813 4381 835 4444 6

575 4511 666 4574 Dum
683 4508 793 4572 hostia
809 4509 1005 4586 sustollitur,

573 4607 682 4689 fulgor
697 4607 819 4668 circum
837 4607 1038 4688 prospicitur
1052 4627 1060 4684 ;

1202 922 1311 988 foetus
1328 923 1361 986 in
1379 931 1486 986 matre
1503 919 1652 998 moritur,

1202 1019 1261 1082 sed
1278 1017 1456 1084 incolumis
1472 1019 1587 1084 oritur.

1445 1169 1464 1238 7

1203 1293 1333 1376 Pauper
1348 1293 1487 1358 sordens
1504 1289 1695 1374 suscipitur,

1201 1411 1315 1455 seeum
1332 1389 1431 1454 simul
1448 1389 1669 1466 convescitur,

1200 1497 1243 1566 et,
1258 1489 1339 1552 dum
1357 1489 1436 1552 inde
1453 1487 1632 1572 egreditur,

1202 1583 1300 1649 valde
1316 1583 1498 1668 splendens
1514 1581 1730 1666 conspicitur.

1444 1725 1463 1785 8

1201 1859 1263 1923 Vir
1279 1879 1298 1922 a
1314 1867 1388 1923 rota
1404 1857 1632 1922 substernitur

1202 1966 1235 2019 et
1251 1975 1340 2038 aqua
1355 1953 1461 2017 fluens
1477 1954 1614 2031 sistitur,

1201 2054 1286 2115 vira
1302 2051 1421 2115 subtus
1437 2051 1635 2128 extrahitur,

1202 2158 1236 2214 et
1252 2147 1334 2212 nihil
1352 2147 1429 2211 mali
1447 2149 1581 2231 patitur.

1442 2309 1463 2371 9

1204 2427 1443 2510 Archipraesul
1460 2426 1620 2510 affligitur

1204 2524 1305 2600 febre,
1322 2525 1473 2606 morique
1489 2525 1657 2588 creditur:

1204 2640 1264 2702 pro
1281 2640 1347 2702 quo
1364 2621 1439 2683 Yvo
1456 2621 1657 2701 deposcitur,

1205 2725 1239 2779 et
1254 2717 1323 2780 vita
1339 2705 1440 2778 sarius
1456 2715 1582 2780 fruitur.

1436 2875 1474 2924 10

1205 2997 1431 3060 Daemonium
1449 2995 1588 3074 elicitur,

1203 3093 1288 3157 aeris
1305 3093 1409 3174 pestis
1426 3091 1571 3175 pellitur,

1201 3193 1308 3256 hostis
1324 3192 1414 3255 furor
1430 3189 1599 3268 refellitur,

1205 3287 1326 3370 stragis
1341 3287 1454 3350 clades
1470 3288 1700 3369 compescitur.

1434 3443 1468 3488 Il

1203 3561 1307 3624 Plane
1323 3562 1413 3643 quod
1431 3561 1486 3643 pie
1501 3563 1628 3643 petitur

1201 3657 1245 3720 ab
1260 3659 1380 3720 Yvone
1396 3656 1561 3732 tribuitur,

1202 3765 1235 3817 et
1251 3753 1441 3835 completur
1458 3751 1605 3834 plenarie

1205 3871 1249 3913 ex
1266 3849 1418 3912 ubertate
1434 3849 1570 3930 gratiae.

1437 4001 1474 4047 12

1206 4124 1281 4206 Qua
1297 4124 1339 4187 ad
1358 4123 1470 4186 aulam
1488 4123 1644 4188 introitur
1761 4149 1764 4156 ·

1205 4221 1309 4303 Regis
1326 4241 1478 4284 summae
1495 4221 1675 4302 potentiae,

1203 4317 1296 4381 cuius
1313 4337 1452 4400 regnum
1471 4337 1536 4394 nop
1555 4315 1679 4396 finitur,

1204 4412 1266 4477 Ille
1282 4414 1339 4496 qui
1356 4422 1477 4478 cuncta
1494 4413 1633 4496 largitur

1201 4509 1413 4574 coadscribat
1430 4531 1491 4574 nos
1507 4511 1619 4574 curiae

1200 4625 1286 4686 quae
1302 4607 1388 4669 curis
1406 4626 1471 4670 non
1489 4607 1720 4672 committitur.

544 4749 752 4799 Manuscrits.
771 4744 866 4796 Pnurs
880 4761 885 4798 :
900 4744 972 4798 Bibl.
988 4745 1065 4811 Nat,
1078 4743 1139 4811 831,
1153 4743 1210 4796 xive
1224 4743 1316 4810 siecle,
1328 4744 1360 4795 X
1362 4761 1376 4806 ,·
1389 4743 1449 4812 857,
1459 4749 1506 4796 κνε
1520 4743 1613 4810 siecle,
1625 4743 1659 4798 Z.

546 4839 555 4878 1
573 4825 627 4878 Les
637 4823 706 4878 trois
720 4822 856 4892 premiers
870 4841 932 4877 vers
944 4833 1007 4877 sont
1022 4821 1094 4876 ainsi
1109 4822 1267 4876 intervertis
1282 4823 1354 4876 dans
1367 4824 1404 4877 X.
1419 4834 1446 4877 et
1459 4823 1494 4877 Z.

932 4913 1028 4966 Decus
1046 4927 1080 4964 ac
1100 4910 1185 4963 decor
1205 4910 1323 4978 Galliae,

932 4993 978 5045 lux
997 5001 1025 5046 et
1045 4990 1180 5062 splendor
1199 4991 1374 5060 Britanniae,

932 5073 993 5129 laus
1012 5081 1040 5126 et
1059 5072 1151 5126 honor
1169 5071 1328 5162 Trecpriae,
