<?xml version="1.0" encoding="UTF-8"?>
<!DOCTYPE html PUBLIC "-//W3C//DTD XHTML 1.0 Transitional//EN"
    "http://www.w3.org/TR/xhtml1/DTD/xhtml1-transitional.dtd">
<html xmlns="http://www.w3.org/1999/xhtml" xml:lang="en" lang="en">
 <head>
  <title>
</title>
<meta http-equiv="Content-Type" content="text/html;charset=utf-8" />
  <meta name='ocr-system' content='tesseract 3.04.00' />
  <meta name='ocr-capabilities' content='ocr_page ocr_carea ocr_par ocr_line ocrx_word'/>
</head>
<body>
  <div class='ocr_page' id='page_1' title='image "./analectaliturgi00wealgoog/analectaliturgi00wealgoog_0524.png"; bbox 0 0 4096 5794; ppageno 0'>
   <div class='ocr_carea' id='block_1_1' title="bbox 667 533 1619 607">
    <p class='ocr_par' dir='ltr' id='par_1_1' title="bbox 667 533 1619 607">
     <span class='ocr_line' id='line_1_1' title="bbox 667 533 1619 607; baseline -0.002 -19"><span class='ocrx_word' id='word_1_1' title='bbox 667 538 808 590; x_wconf 83' lang='lat' dir='ltr'>PROSAE</span> <span class='ocrx_word' id='word_1_2' title='bbox 836 536 1039 588; x_wconf 82' lang='lat' dir='ltr'><strong>ECCLESIAE</strong></span> <span class='ocrx_word' id='word_1_3' title='bbox 1066 536 1317 588; x_wconf 79' lang='lat' dir='ltr'>EBROICENSIS</span> <span class='ocrx_word' id='word_1_4' title='bbox 1550 533 1619 607; x_wconf 83' lang='lat'>517</span> 
     </span>
    </p>
   </div>
   <div class='ocr_carea' id='block_1_2' title="bbox 677 714 1298 810">
    <p class='ocr_par' dir='ltr' id='par_1_2' title="bbox 677 714 1298 810">
     <span class='ocr_line' id='line_1_2' title="bbox 677 714 1298 810; baseline -0.005 -20"><span class='ocrx_word' id='word_1_5' title='bbox 677 737 759 810; x_wconf 87' lang='lat'>372.</span> <span class='ocrx_word' id='word_1_6' title='bbox 792 715 867 789; x_wconf 89' lang='lat' dir='ltr'>DE</span> <span class='ocrx_word' id='word_1_7' title='bbox 897 714 1120 790; x_wconf 86' lang='lat' dir='ltr'>SANCTA</span> <span class='ocrx_word' id='word_1_8' title='bbox 1150 714 1298 787; x_wconf 89' lang='lat' dir='ltr'>FIDE.</span> 
     </span>
    </p>
   </div>
   <div class='ocr_carea' id='block_1_3' title="bbox 671 919 1315 982">
    <p class='ocr_par' dir='ltr' id='par_1_3' title="bbox 671 919 1315 982">
     <span class='ocr_line' id='line_1_3' title="bbox 671 919 1315 982; baseline -0.006 4"><span class='ocrx_word' id='word_1_9' title='bbox 671 921 683 966; x_wconf 88' lang='lat'>¹</span> <span class='ocrx_word' id='word_1_10' title='bbox 1299 919 1315 982; x_wconf 88' lang='lat'><strong>3</strong></span> 
     </span>
    </p>
   </div>
   <div class='ocr_carea' id='block_1_4' title="bbox 406 1031 1550 1598">
    <p class='ocr_par' dir='ltr' id='par_1_4' title="bbox 406 1031 1550 1598">
     <span class='ocr_line' id='line_1_4' title="bbox 407 1031 1550 1116; baseline -0.009 -11"><span class='ocrx_word' id='word_1_11' title='bbox 407 1040 551 1105; x_wconf 87' lang='lat' dir='ltr'><strong>Sanctae</strong></span> <span class='ocrx_word' id='word_1_12' title='bbox 568 1037 660 1101; x_wconf 90' lang='lat' dir='ltr'>Fidis</span> <span class='ocrx_word' id='word_1_13' title='bbox 676 1038 717 1101; x_wconf 93' lang='lat' dir='ltr'>ad</span> <span class='ocrx_word' id='word_1_14' title='bbox 735 1037 894 1101; x_wconf 91' lang='lat' dir='ltr'>honorem</span> <span class='ocrx_word' id='word_1_15' title='bbox 1037 1034 1124 1098; x_wconf 90' lang='lat' dir='ltr'>Nam</span> <span class='ocrx_word' id='word_1_16' title='bbox 1142 1035 1173 1096; x_wconf 93' lang='lat' dir='ltr'>in</span> <span class='ocrx_word' id='word_1_17' title='bbox 1192 1033 1307 1116; x_wconf 92' lang='lat' dir='ltr'>poenis</span> <span class='ocrx_word' id='word_1_18' title='bbox 1324 1051 1389 1096; x_wconf 92' lang='lat' dir='ltr'>non</span> <span class='ocrx_word' id='word_1_19' title='bbox 1403 1031 1550 1114; x_wconf 87' lang='lat' dir='ltr'>expavit,</span> 
     </span>
     <span class='ocr_line' id='line_1_5' title="bbox 406 1129 1503 1218; baseline -0.007 -20"><span class='ocrx_word' id='word_1_20' title='bbox 406 1156 491 1218; x_wconf 89' lang='lat' dir='ltr'>quae</span> <span class='ocrx_word' id='word_1_21' title='bbox 507 1153 601 1216; x_wconf 92' lang='lat' dir='ltr'>spem</span> <span class='ocrx_word' id='word_1_22' title='bbox 618 1133 710 1197; x_wconf 89' lang='lat' dir='ltr'>dedit</span> <span class='ocrx_word' id='word_1_23' title='bbox 726 1141 759 1196; x_wconf 92' lang='lat' dir='ltr'>et</span> <span class='ocrx_word' id='word_1_24' title='bbox 776 1131 937 1196; x_wconf 86' lang='lat' dir='ltr'>servorem</span> <span class='ocrx_word' id='word_1_25' title='bbox 1036 1132 1094 1194; x_wconf 91' lang='lat' dir='ltr'>sed</span> <span class='ocrx_word' id='word_1_26' title='bbox 1112 1131 1144 1194; x_wconf 94' lang='lat' dir='ltr'>in</span> <span class='ocrx_word' id='word_1_27' title='bbox 1162 1129 1306 1193; x_wconf 88' lang='lat' dir='ltr'>flammis</span> <span class='ocrx_word' id='word_1_28' title='bbox 1322 1129 1503 1192; x_wconf 87' lang='lat' dir='ltr'>exsultavit</span> 
     </span>
     <span class='ocr_line' id='line_1_6' title="bbox 449 1223 1473 1309; baseline -0.006 -16"><span class='ocrx_word' id='word_1_29' title='bbox 449 1229 525 1293; x_wconf 87' lang='lat' dir='ltr'>fidei</span> <span class='ocrx_word' id='word_1_30' title='bbox 542 1228 723 1293; x_wconf 89' lang='lat' dir='ltr'>cultoribus</span> <span class='ocrx_word' id='word_1_31' title='bbox 1081 1227 1197 1309; x_wconf 93' lang='lat' dir='ltr'>prunis</span> <span class='ocrx_word' id='word_1_32' title='bbox 1213 1223 1473 1308; x_wconf 89' lang='lat' dir='ltr'>crepitantibus;</span> 
     </span>
     <span class='ocr_line' id='line_1_7' title="bbox 408 1319 1513 1407; baseline -0.007 -17"><span class='ocrx_word' id='word_1_33' title='bbox 408 1325 531 1390; x_wconf 88' lang='lat' dir='ltr'>Psallat</span> <span class='ocrx_word' id='word_1_34' title='bbox 548 1325 677 1402; x_wconf 86' lang='lat' dir='ltr'>chorus,</span> <span class='ocrx_word' id='word_1_35' title='bbox 693 1323 837 1407; x_wconf 87' lang='lat' dir='ltr'>psallant</span> <span class='ocrx_word' id='word_1_36' title='bbox 854 1325 955 1388; x_wconf 90' lang='lat' dir='ltr'>corda</span> <span class='ocrx_word' id='word_1_37' title='bbox 1039 1322 1174 1386; x_wconf 89' lang='lat' dir='ltr'>Nullam</span> <span class='ocrx_word' id='word_1_38' title='bbox 1191 1331 1304 1386; x_wconf 88' lang='lat' dir='ltr'>tamen</span> <span class='ocrx_word' id='word_1_39' title='bbox 1323 1319 1513 1395; x_wconf 87' lang='lat' dir='ltr'>laesionem,</span> 
     </span>
     <span class='ocr_line' id='line_1_8' title="bbox 407 1416 1467 1502; baseline -0.004 -18"><span class='ocrx_word' id='word_1_40' title='bbox 407 1432 439 1486; x_wconf 92' lang='lat' dir='ltr'>et</span> <span class='ocrx_word' id='word_1_41' title='bbox 455 1422 612 1485; x_wconf 88' lang='lat' dir='ltr'>concordi</span> <span class='ocrx_word' id='word_1_42' title='bbox 629 1419 762 1502; x_wconf 88' lang='lat' dir='ltr'>pulsent</span> <span class='ocrx_word' id='word_1_43' title='bbox 778 1420 903 1484; x_wconf 91' lang='lat' dir='ltr'>chorda</span> <span class='ocrx_word' id='word_1_44' title='bbox 1040 1419 1166 1482; x_wconf 90' lang='lat' dir='ltr'>nullam</span> <span class='ocrx_word' id='word_1_45' title='bbox 1183 1417 1285 1480; x_wconf 86' lang='lat' dir='ltr'>sensit</span> <span class='ocrx_word' id='word_1_46' title='bbox 1301 1416 1467 1481; x_wconf 88' lang='lat' dir='ltr'>ustionem</span> 
     </span>
     <span class='ocr_line' id='line_1_9' title="bbox 450 1512 1478 1598; baseline -0.007 -18"><span class='ocrx_word' id='word_1_47' title='bbox 450 1516 634 1581; x_wconf 90' lang='lat' dir='ltr'>coniunctis</span> <span class='ocrx_word' id='word_1_48' title='bbox 651 1516 878 1598; x_wconf 87' lang='lat' dir='ltr'>psallentibus.</span> <span class='ocrx_word' id='word_1_49' title='bbox 1078 1515 1207 1578; x_wconf 92' lang='lat' dir='ltr'>cunctis</span> <span class='ocrx_word' id='word_1_50' title='bbox 1230 1512 1478 1576; x_wconf 85' lang='lat' dir='ltr'>admirantibus.</span> 
     </span>
    </p>
   </div>
   <div class='ocr_carea' id='block_1_5' title="bbox 668 1619 1317 1718">
    <p class='ocr_par' dir='ltr' id='par_1_5' title="bbox 668 1619 1317 1718">
     <span class='ocr_line' id='line_1_10' title="bbox 668 1619 1317 1718; baseline -0.006 4"><span class='ocrx_word' id='word_1_51' title='bbox 668 1659 685 1702; x_wconf 87' lang='lat'><strong>2</strong></span> <span class='ocrx_word' id='word_1_52' title='bbox 920 1619 925 1630; x_wconf 60' lang='grc'><em>“</em></span> <span class='ocrx_word' id='word_1_53' title='bbox 1296 1657 1317 1718; x_wconf 86' lang='grc'>4</span> 
     </span>
    </p>
   </div>
   <div class='ocr_carea' id='block_1_6' title="bbox 404 1769 1584 2332">
    <p class='ocr_par' dir='ltr' id='par_1_6' title="bbox 408 1769 1395 1855">
     <span class='ocr_line' id='line_1_11' title="bbox 408 1769 1395 1855; baseline -0.004 -20"><span class='ocrx_word' id='word_1_54' title='bbox 408 1772 501 1836; x_wconf 90' lang='lat' dir='ltr'>Haec</span> <span class='ocrx_word' id='word_1_55' title='bbox 517 1781 568 1835; x_wconf 92' lang='lat' dir='ltr'>est</span> <span class='ocrx_word' id='word_1_56' title='bbox 584 1772 678 1855; x_wconf 91' lang='lat' dir='ltr'>virgo</span> <span class='ocrx_word' id='word_1_57' title='bbox 694 1772 871 1836; x_wconf 90' lang='lat' dir='ltr'>benedicta</span> <span class='ocrx_word' id='word_1_58' title='bbox 1038 1771 1126 1834; x_wconf 88' lang='lat' dir='ltr'>Miro</span> <span class='ocrx_word' id='word_1_59' title='bbox 1143 1771 1245 1833; x_wconf 91' lang='lat' dir='ltr'>modo</span> <span class='ocrx_word' id='word_1_60' title='bbox 1261 1769 1395 1832; x_wconf 89' lang='lat' dir='ltr'>visitata</span> 
     </span>
    </p>

    <p class='ocr_par' dir='ltr' id='par_1_7' title="bbox 404 1865 1504 2046">
     <span class='ocr_line' id='line_1_12' title="bbox 404 1865 1504 1950; baseline -0.004 -20"><span class='ocrx_word' id='word_1_61' title='bbox 404 1877 437 1931; x_wconf 90' lang='lat' dir='ltr'>et</span> <span class='ocrx_word' id='word_1_62' title='bbox 452 1889 513 1950; x_wconf 91' lang='lat' dir='ltr'>pro</span> <span class='ocrx_word' id='word_1_63' title='bbox 530 1866 595 1930; x_wconf 84' lang='lat' dir='ltr'>fide</span> <span class='ocrx_word' id='word_1_64' title='bbox 612 1867 711 1930; x_wconf 92' lang='lat' dir='ltr'>Fides</span> <span class='ocrx_word' id='word_1_65' title='bbox 727 1868 817 1930; x_wconf 91' lang='lat' dir='ltr'>dicta</span> <span class='ocrx_word' id='word_1_66' title='bbox 1035 1887 1093 1950; x_wconf 90' lang='lat' dir='ltr'>per</span> <span class='ocrx_word' id='word_1_67' title='bbox 1108 1866 1309 1942; x_wconf 87' lang='lat' dir='ltr'>columbam,</span> <span class='ocrx_word' id='word_1_68' title='bbox 1325 1865 1372 1928; x_wconf 92' lang='lat' dir='ltr'>sic</span> <span class='ocrx_word' id='word_1_69' title='bbox 1388 1865 1504 1928; x_wconf 86' lang='lat' dir='ltr'>sedata</span> 
     </span>
     <span class='ocr_line' id='line_1_13' title="bbox 447 1959 1478 2046; baseline -0.004 -20"><span class='ocrx_word' id='word_1_70' title='bbox 447 1983 547 2046; x_wconf 90' lang='lat' dir='ltr'>quarn</span> <span class='ocrx_word' id='word_1_71' title='bbox 565 1972 756 2027; x_wconf 86' lang='lat' dir='ltr'>constanter</span> <span class='ocrx_word' id='word_1_72' title='bbox 772 1963 900 2044; x_wconf 86' lang='lat' dir='ltr'>tenuit;</span> <span class='ocrx_word' id='word_1_73' title='bbox 1076 1961 1189 2026; x_wconf 89' lang='lat' dir='ltr'>statim</span> <span class='ocrx_word' id='word_1_74' title='bbox 1207 1972 1284 2025; x_wconf 92' lang='lat' dir='ltr'>sunt</span> <span class='ocrx_word' id='word_1_75' title='bbox 1301 1959 1455 2024; x_wconf 90' lang='lat' dir='ltr'>incendia</span> <span class='ocrx_word' id='word_1_76' title='bbox 1471 1981 1478 2038; x_wconf 92' lang='lat'>;</span> 
     </span>
    </p>

    <p class='ocr_par' dir='ltr' id='par_1_8' title="bbox 406 2057 1584 2142">
     <span class='ocr_line' id='line_1_14' title="bbox 406 2057 1584 2142; baseline -0.006 -18"><span class='ocrx_word' id='word_1_77' title='bbox 406 2058 507 2124; x_wconf 90' lang='lat' dir='ltr'>Cuius</span> <span class='ocrx_word' id='word_1_78' title='bbox 524 2059 601 2142; x_wconf 89' lang='lat' dir='ltr'>igne</span> <span class='ocrx_word' id='word_1_79' title='bbox 617 2059 663 2123; x_wconf 91' lang='lat' dir='ltr'>sic</span> <span class='ocrx_word' id='word_1_80' title='bbox 680 2059 785 2141; x_wconf 90' lang='lat' dir='ltr'>ignita</span> <span class='ocrx_word' id='word_1_81' title='bbox 1036 2057 1132 2142; x_wconf 85' lang='lat' dir='ltr'>Quae</span> <span class='ocrx_word' id='word_1_82' title='bbox 1148 2057 1180 2120; x_wconf 93' lang='lat' dir='ltr'>in</span> <span class='ocrx_word' id='word_1_83' title='bbox 1198 2077 1304 2120; x_wconf 89' lang='lat' dir='ltr'>rorem</span> <span class='ocrx_word' id='word_1_84' title='bbox 1322 2065 1584 2132; x_wconf 88' lang='lat' dir='ltr'>suntconversa,</span> 
     </span>
    </p>

    <p class='ocr_par' dir='ltr' id='par_1_9' title="bbox 405 2151 1569 2332">
     <span class='ocr_line' id='line_1_15' title="bbox 405 2151 1569 2219; baseline -0.004 -1"><span class='ocrx_word' id='word_1_85' title='bbox 405 2165 437 2218; x_wconf 90' lang='lat' dir='ltr'>et</span> <span class='ocrx_word' id='word_1_86' title='bbox 454 2175 569 2219; x_wconf 88' lang='lat' dir='ltr'>amore</span> <span class='ocrx_word' id='word_1_87' title='bbox 584 2155 631 2218; x_wconf 91' lang='lat' dir='ltr'>sic</span> <span class='ocrx_word' id='word_1_88' title='bbox 649 2156 777 2218; x_wconf 90' lang='lat' dir='ltr'>munita</span> <span class='ocrx_word' id='word_1_89' title='bbox 1036 2174 1101 2218; x_wconf 92' lang='lat' dir='ltr'>non</span> <span class='ocrx_word' id='word_1_90' title='bbox 1120 2165 1169 2216; x_wconf 92' lang='lat' dir='ltr'>est</span> <span class='ocrx_word' id='word_1_91' title='bbox 1185 2163 1297 2216; x_wconf 89' lang='lat' dir='ltr'>tamen</span> <span class='ocrx_word' id='word_1_92' title='bbox 1315 2151 1391 2214; x_wconf 89' lang='lat' dir='ltr'>hinc</span> <span class='ocrx_word' id='word_1_93' title='bbox 1407 2171 1569 2216; x_wconf 87' lang='lat' dir='ltr'>conversa</span> 
     </span>
     <span class='ocr_line' id='line_1_16' title="bbox 449 2247 1393 2332; baseline -0.004 -17"><span class='ocrx_word' id='word_1_94' title='bbox 449 2252 536 2332; x_wconf 90' lang='lat' dir='ltr'>quod</span> <span class='ocrx_word' id='word_1_95' title='bbox 556 2252 588 2313; x_wconf 91' lang='lat' dir='ltr'>in</span> <span class='ocrx_word' id='word_1_96' title='bbox 606 2251 697 2314; x_wconf 92' lang='lat' dir='ltr'>nullo</span> <span class='ocrx_word' id='word_1_97' title='bbox 713 2253 831 2314; x_wconf 92' lang='lat' dir='ltr'>timuit.</span> <span class='ocrx_word' id='word_1_98' title='bbox 1080 2249 1240 2332; x_wconf 89' lang='lat' dir='ltr'>praesidis</span> <span class='ocrx_word' id='word_1_99' title='bbox 1257 2247 1393 2311; x_wconf 91' lang='lat' dir='ltr'>insania.</span> 
     </span>
    </p>
   </div>
   <div class='ocr_carea' id='block_1_7' title="bbox 999 2368 1013 2433">
    <p class='ocr_par' dir='ltr' id='par_1_10' title="bbox 999 2368 1013 2433">
     <span class='ocr_line' id='line_1_17' title="bbox 999 2368 1013 2433; baseline 0 0"><span class='ocrx_word' id='word_1_100' title='bbox 999 2368 1013 2433; x_wconf 88' lang='grc'><strong>5</strong></span> 
     </span>
    </p>
   </div>
   <div class='ocr_carea' id='block_1_8' title="bbox 735 2473 1234 2746">
    <p class='ocr_par' dir='ltr' id='par_1_11' title="bbox 735 2473 1234 2746">
     <span class='ocr_line' id='line_1_18' title="bbox 735 2473 1234 2556; baseline -0.01 -17"><span class='ocrx_word' id='word_1_101' title='bbox 735 2475 802 2540; x_wconf 89' lang='lat' dir='ltr'>Sed</span> <span class='ocrx_word' id='word_1_102' title='bbox 822 2477 854 2537; x_wconf 90' lang='lat' dir='ltr'>in</span> <span class='ocrx_word' id='word_1_103' title='bbox 873 2475 979 2556; x_wconf 91' lang='lat' dir='ltr'>ipsam</span> <span class='ocrx_word' id='word_1_104' title='bbox 997 2473 1103 2555; x_wconf 91' lang='lat' dir='ltr'>magis</span> <span class='ocrx_word' id='word_1_105' title='bbox 1120 2473 1234 2547; x_wconf 88' lang='lat' dir='ltr'>saevit,</span> 
     </span>
     <span class='ocr_line' id='line_1_19' title="bbox 735 2569 1155 2634; baseline -0.01 0"><span class='ocrx_word' id='word_1_106' title='bbox 735 2571 892 2634; x_wconf 89' lang='lat' dir='ltr'>decollari</span> <span class='ocrx_word' id='word_1_107' title='bbox 909 2589 991 2632; x_wconf 85' lang='lat' dir='ltr'>mox</span> <span class='ocrx_word' id='word_1_108' title='bbox 1007 2569 1155 2632; x_wconf 89' lang='lat' dir='ltr'>decrevit</span> 
     </span>
     <span class='ocr_line' id='line_1_20' title="bbox 779 2666 1170 2746; baseline -0.008 -15"><span class='ocrx_word' id='word_1_109' title='bbox 779 2669 848 2731; x_wconf 91' lang='lat' dir='ltr'>eius</span> <span class='ocrx_word' id='word_1_110' title='bbox 864 2668 909 2730; x_wconf 93' lang='lat' dir='ltr'>ob</span> <span class='ocrx_word' id='word_1_111' title='bbox 925 2666 1148 2730; x_wconf 89' lang='lat' dir='ltr'>constantiam</span> <span class='ocrx_word' id='word_1_112' title='bbox 1162 2690 1170 2746; x_wconf 93' lang='lat'>;</span> 
     </span>
    </p>
   </div>
   <div class='ocr_carea' id='block_1_9' title="bbox 737 2761 1298 2934">
    <p class='ocr_par' dir='ltr' id='par_1_12' title="bbox 737 2761 1298 2934">
     <span class='ocr_line' id='line_1_21' title="bbox 738 2761 1298 2846; baseline -0.009 -16"><span class='ocrx_word' id='word_1_113' title='bbox 738 2765 793 2830; x_wconf 89' lang='lat' dir='ltr'>Sic</span> <span class='ocrx_word' id='word_1_114' title='bbox 810 2765 851 2827; x_wconf 92' lang='lat' dir='ltr'>ad</span> <span class='ocrx_word' id='word_1_115' title='bbox 871 2763 1040 2846; x_wconf 91' lang='lat' dir='ltr'>Sponsum</span> <span class='ocrx_word' id='word_1_116' title='bbox 1056 2781 1180 2844; x_wconf 89' lang='lat' dir='ltr'>sponsa</span> <span class='ocrx_word' id='word_1_117' title='bbox 1198 2761 1298 2840; x_wconf 90' lang='lat' dir='ltr'>venit,</span> 
     </span>
     <span class='ocr_line' id='line_1_22' title="bbox 737 2848 1254 2934; baseline -0.006 -19"><span class='ocrx_word' id='word_1_118' title='bbox 737 2853 847 2934; x_wconf 82' lang='lat' dir='ltr'>Quem</span> <span class='ocrx_word' id='word_1_119' title='bbox 864 2871 925 2934; x_wconf 94' lang='lat' dir='ltr'>pro</span> <span class='ocrx_word' id='word_1_120' title='bbox 941 2850 1036 2914; x_wconf 91' lang='lat' dir='ltr'>nobis</span> <span class='ocrx_word' id='word_1_121' title='bbox 1052 2869 1157 2912; x_wconf 89' lang='lat' dir='ltr'>ovans</span> <span class='ocrx_word' id='word_1_122' title='bbox 1174 2848 1254 2912; x_wconf 87' lang='lat' dir='ltr'>lenit</span> 
     </span>
    </p>
   </div>
   <div class='ocr_carea' id='block_1_10' title="bbox 781 2945 1147 3030">
    <p class='ocr_par' dir='ltr' id='par_1_13' title="bbox 781 2945 1147 3030">
     <span class='ocr_line' id='line_1_23' title="bbox 781 2945 1147 3030; baseline -0.008 -20"><span class='ocrx_word' id='word_1_123' title='bbox 781 2947 992 3030; x_wconf 89' lang='lat' dir='ltr'>impetrando</span> <span class='ocrx_word' id='word_1_124' title='bbox 1008 2945 1147 3008; x_wconf 88' lang='lat' dir='ltr'>veniam.</span> 
     </span>
    </p>
   </div>
   <div class='ocr_carea' id='block_1_11' title="bbox 366 3098 1622 3344">
    <p class='ocr_par' dir='ltr' id='par_1_14' title="bbox 366 3098 1622 3344">
     <span class='ocr_line' id='line_1_24' title="bbox 401 3098 1622 3184; baseline -0.007 -12"><span class='ocrx_word' id='word_1_125' title='bbox 401 3123 610 3173; x_wconf 70' lang='lat' dir='ltr'>manuscrits.</span> <span class='ocrx_word' id='word_1_126' title='bbox 628 3099 780 3171; x_wconf 70' lang='lat' dir='ltr'>Evnssux:</span> <span class='ocrx_word' id='word_1_127' title='bbox 796 3117 897 3170; x_wconf 74' lang='lat' dir='ltr'>Musee</span> <span class='ocrx_word' id='word_1_128' title='bbox 910 3116 986 3170; x_wconf 85' lang='lat' dir='ltr'>dela</span> <span class='ocrx_word' id='word_1_129' title='bbox 999 3115 1080 3182; x_wconf 91' lang='lat' dir='ltr'>Ville,</span> <span class='ocrx_word' id='word_1_130' title='bbox 1091 3129 1133 3183; x_wconf 85' lang='lat'>99,</span> <span class='ocrx_word' id='word_1_131' title='bbox 1146 3113 1246 3169; x_wconf 90' lang='lat' dir='ltr'>Missel</span> <span class='ocrx_word' id='word_1_132' title='bbox 1259 3098 1408 3183; x_wconf 71' lang='lat' dir='ltr'>d’Evreux,</span> <span class='ocrx_word' id='word_1_133' title='bbox 1424 3114 1521 3184; x_wconf 88' lang='lat' dir='ltr'>(ayant</span> <span class='ocrx_word' id='word_1_134' title='bbox 1532 3122 1622 3166; x_wconf 88' lang='lat' dir='ltr'>autre·</span> 
     </span>
     <span class='ocr_line' id='line_1_25' title="bbox 366 3193 1622 3267; baseline -0.004 -17"><span class='ocrx_word' id='word_1_135' title='bbox 366 3196 419 3250; x_wconf 87' lang='lat' dir='ltr'>fois</span> <span class='ocrx_word' id='word_1_136' title='bbox 432 3205 588 3267; x_wconf 87' lang='lat' dir='ltr'>appartenu</span> <span class='ocrx_word' id='word_1_137' title='bbox 600 3197 618 3250; x_wconf 73' lang='lat' dir='ltr'>a</span> <span class='ocrx_word' id='word_1_138' title='bbox 632 3196 723 3250; x_wconf 86' lang='lat' dir='ltr'>Raoul</span> <span class='ocrx_word' id='word_1_139' title='bbox 736 3196 774 3250; x_wconf 92' lang='lat' dir='ltr'>du</span> <span class='ocrx_word' id='word_1_140' title='bbox 789 3193 870 3264; x_wconf 81' lang='lat' dir='ltr'>Fon),</span> <span class='ocrx_word' id='word_1_141' title='bbox 882 3202 929 3248; x_wconf 78' lang='lat' dir='ltr'>xve</span> <span class='ocrx_word' id='word_1_142' title='bbox 947 3194 1041 3263; x_wconf 73' lang='lat' dir='ltr'>siecle,</span> <span class='ocrx_word' id='word_1_143' title='bbox 1053 3195 1083 3248; x_wconf 87' lang='lat' dir='ltr'><em>E</em></span> <span class='ocrx_word' id='word_1_144' title='bbox 1090 3195 1117 3248; x_wconf 81' lang='lat' dir='ltr'>V.</span> <span class='ocrx_word' id='word_1_145' title='bbox 1148 3195 1260 3249; x_wconf 78' lang='lat' dir='ltr'>ROUEN</span> <span class='ocrx_word' id='word_1_146' title='bbox 1273 3213 1278 3248; x_wconf 96' lang='lat'><strong>:</strong></span> <span class='ocrx_word' id='word_1_147' title='bbox 1295 3193 1366 3249; x_wconf 88' lang='lat' dir='ltr'>Bibl.</span> <span class='ocrx_word' id='word_1_148' title='bbox 1381 3193 1417 3250; x_wconf 89' lang='lat' dir='ltr'>de</span> <span class='ocrx_word' id='word_1_149' title='bbox 1430 3195 1457 3248; x_wconf 91' lang='lat' dir='ltr'>la</span> <span class='ocrx_word' id='word_1_150' title='bbox 1469 3193 1552 3262; x_wconf 87' lang='lat' dir='ltr'>Ville,</span> <span class='ocrx_word' id='word_1_151' title='bbox 1562 3206 1622 3260; x_wconf 88' lang='lat'>304,</span> 
     </span>
     <span class='ocr_line' id='line_1_26' title="bbox 370 3259 873 3344; baseline 0.006 -15"><span class='ocrx_word' id='word_1_152' title='bbox 370 3277 468 3331; x_wconf 86' lang='lat' dir='ltr'>Missel</span> <span class='ocrx_word' id='word_1_153' title='bbox 482 3259 632 3344; x_wconf 72' lang='lat' dir='ltr'>d’Evreux,</span> <span class='ocrx_word' id='word_1_154' title='bbox 644 3282 692 3330; x_wconf 71' lang='lat' dir='ltr'>xv‘</span> <span class='ocrx_word' id='word_1_155' title='bbox 702 3275 796 3344; x_wconf 74' lang='lat' dir='ltr'>siecle,</span> <span class='ocrx_word' id='word_1_156' title='bbox 808 3275 873 3332; x_wconf 86' lang='lat' dir='ltr'>RN.</span> 
     </span>
    </p>
   </div>
   <div class='ocr_carea' id='block_1_12' title="bbox 406 3385 871 3539">
    <p class='ocr_par' dir='ltr' id='par_1_15' title="bbox 406 3385 871 3539">
     <span class='ocr_line' id='line_1_27' title="bbox 407 3385 683 3461; baseline 0.007 -17"><span class='ocrx_word' id='word_1_157' title='bbox 407 3396 454 3446; x_wconf 88' lang='lat' dir='ltr'>1d</span> <span class='ocrx_word' id='word_1_158' title='bbox 486 3392 608 3461; x_wconf 87' lang='lat' dir='ltr'>psallent</span> <span class='ocrx_word' id='word_1_159' title='bbox 620 3385 650 3444; x_wconf 84' lang='lat' dir='ltr'><em>E</em></span> <span class='ocrx_word' id='word_1_160' title='bbox 656 3392 683 3446; x_wconf 93' lang='lat' dir='ltr'>V.</span> 
     </span>
     <span class='ocr_line' id='line_1_28' title="bbox 406 3469 871 3539; baseline -0.002 -15"><span class='ocrx_word' id='word_1_161' title='bbox 406 3481 419 3537; x_wconf 82' lang='lat'>5</span> <span class='ocrx_word' id='word_1_162' title='bbox 433 3475 453 3524; x_wconf 92' lang='lat' dir='ltr'>d</span> <span class='ocrx_word' id='word_1_163' title='bbox 487 3487 623 3539; x_wconf 86' lang='lat' dir='ltr'>sponsam</span> <span class='ocrx_word' id='word_1_164' title='bbox 636 3469 712 3525; x_wconf 84' lang='lat' dir='ltr'>venit</span> <span class='ocrx_word' id='word_1_165' title='bbox 726 3470 871 3524; x_wconf 81' lang='lat' dir='ltr'>Ebror‘cen.</span> 
     </span>
    </p>
   </div>
   <div class='ocr_carea' id='block_1_13' title="bbox 682 3663 1318 3761">
    <p class='ocr_par' dir='ltr' id='par_1_16' title="bbox 682 3663 1318 3761">
     <span class='ocr_line' id='line_1_29' title="bbox 682 3663 1318 3761; baseline -0.011 -16"><span class='ocrx_word' id='word_1_166' title='bbox 682 3687 764 3761; x_wconf 84' lang='lat'>373.</span> <span class='ocrx_word' id='word_1_167' title='bbox 797 3667 870 3740; x_wconf 87' lang='lat' dir='ltr'>DE</span> <span class='ocrx_word' id='word_1_168' title='bbox 907 3665 1093 3740; x_wconf 88' lang='lat' dir='ltr'>BEATA</span> <span class='ocrx_word' id='word_1_169' title='bbox 1124 3663 1318 3738; x_wconf 76' lang='lat' dir='ltr'>MARIA.</span> 
     </span>
    </p>
   </div>
   <div class='ocr_carea' id='block_1_14' title="bbox 995 3868 1006 3912">
    <p class='ocr_par' dir='ltr' id='par_1_17' title="bbox 995 3868 1006 3912">
     <span class='ocr_line' id='line_1_30' title="bbox 995 3868 1006 3912; baseline 0 0"><span class='ocrx_word' id='word_1_170' title='bbox 995 3868 1006 3912; x_wconf 95' lang='lat' dir='ltr'>l</span> 
     </span>
    </p>
   </div>
   <div class='ocr_carea' id='block_1_15' title="bbox 761 3971 1192 4247">
    <p class='ocr_par' dir='ltr' id='par_1_18' title="bbox 761 3971 1192 4247">
     <span class='ocr_line' id='line_1_31' title="bbox 804 3971 1192 4048; baseline -0.018 -10"><span class='ocrx_word' id='word_1_171' title='bbox 804 3973 930 4048; x_wconf 90' lang='lat' dir='ltr'>Gaude,</span> <span class='ocrx_word' id='word_1_172' title='bbox 948 3973 1011 4035; x_wconf 92' lang='lat' dir='ltr'>Dei</span> <span class='ocrx_word' id='word_1_173' title='bbox 1029 3971 1192 4045; x_wconf 88' lang='lat' dir='ltr'>Genitrix,</span> 
     </span>
     <span class='ocr_line' id='line_1_32' title="bbox 761 4067 1192 4152; baseline -0.012 -19"><span class='ocrx_word' id='word_1_174' title='bbox 761 4070 880 4152; x_wconf 86' lang='lat' dir='ltr'>gaude,</span> <span class='ocrx_word' id='word_1_175' title='bbox 896 4070 983 4132; x_wconf 92' lang='lat' dir='ltr'>vitae</span> <span class='ocrx_word' id='word_1_176' title='bbox 999 4067 1192 4148; x_wconf 87' lang='lat' dir='ltr'>reparatrix,</span> 
     </span>
     <span class='ocr_line' id='line_1_33' title="bbox 762 4164 1175 4247; baseline -0.01 -19"><span class='ocrx_word' id='word_1_177' title='bbox 762 4164 954 4247; x_wconf 87' lang='lat' dir='ltr'>angelorum</span> <span class='ocrx_word' id='word_1_178' title='bbox 973 4164 1175 4245; x_wconf 88' lang='lat' dir='ltr'>imperatrix.</span> 
     </span>
    </p>
   </div>
   <div class='ocr_carea' id='block_1_16' title="bbox 676 4293 1217 4659">
    <p class='ocr_par' dir='ltr' id='par_1_19' title="bbox 676 4293 1217 4659">
     <span class='ocr_line' id='line_1_34' title="bbox 991 4293 1008 4338; baseline 0 0"><span class='ocrx_word' id='word_1_179' title='bbox 991 4293 1008 4338; x_wconf 88' lang='lat'><strong>2</strong></span> 
     </span>
     <span class='ocr_line' id='line_1_35' title="bbox 763 4389 1199 4471; baseline -0.014 -15"><span class='ocrx_word' id='word_1_180' title='bbox 763 4391 889 4465; x_wconf 91' lang='lat' dir='ltr'>Gaude,</span> <span class='ocrx_word' id='word_1_181' title='bbox 905 4389 1012 4471; x_wconf 89' lang='lat' dir='ltr'>Virgo</span> <span class='ocrx_word' id='word_1_182' title='bbox 1028 4408 1199 4470; x_wconf 90' lang='lat' dir='ltr'>puerpera,</span> 
     </span>
     <span class='ocr_line' id='line_1_36' title="bbox 676 4485 1199 4552; baseline -0.011 0"><span class='ocrx_word' id='word_1_183' title='bbox 676 4489 768 4552; x_wconf 89' lang='lat' dir='ltr'>cuius</span> <span class='ocrx_word' id='word_1_184' title='bbox 787 4487 896 4548; x_wconf 91' lang='lat' dir='ltr'>Deum</span> <span class='ocrx_word' id='word_1_185' title='bbox 915 4485 1080 4549; x_wconf 91' lang='lat' dir='ltr'>lactarunt</span> <span class='ocrx_word' id='word_1_186' title='bbox 1097 4485 1199 4547; x_wconf 87' lang='lat' dir='ltr'>ubera</span> 
     </span>
     <span class='ocr_line' id='line_1_37' title="bbox 677 4582 1217 4659; baseline -0.009 -11"><span class='ocrx_word' id='word_1_187' title='bbox 677 4585 896 4648; x_wconf 91' lang='lat' dir='ltr'>humanatum</span> <span class='ocrx_word' id='word_1_188' title='bbox 915 4582 947 4643; x_wconf 93' lang='lat' dir='ltr'>in</span> <span class='ocrx_word' id='word_1_189' title='bbox 965 4601 1063 4643; x_wconf 83' lang='lat' dir='ltr'>carne</span> <span class='ocrx_word' id='word_1_190' title='bbox 1080 4589 1194 4644; x_wconf 89' lang='lat' dir='ltr'>tenera</span> <span class='ocrx_word' id='word_1_191' title='bbox 1210 4604 1217 4659; x_wconf 94' lang='lat'>;</span> 
     </span>
    </p>
   </div>
   <div class='ocr_carea' id='block_1_17' title="bbox 680 4713 1226 5083">
    <p class='ocr_par' dir='ltr' id='par_1_20' title="bbox 680 4713 1226 5083">
     <span class='ocr_line' id='line_1_38' title="bbox 997 4713 1014 4773; baseline 0 0"><span class='ocrx_word' id='word_1_192' title='bbox 997 4713 1014 4773; x_wconf 82' lang='lat'>3</span> 
     </span>
     <span class='ocr_line' id='line_1_39' title="bbox 767 4806 1208 4890; baseline -0.007 -17"><span class='ocrx_word' id='word_1_193' title='bbox 767 4807 893 4885; x_wconf 88' lang='lat' dir='ltr'>Gaude,</span> <span class='ocrx_word' id='word_1_194' title='bbox 909 4807 1018 4890; x_wconf 93' lang='lat' dir='ltr'>proles</span> <span class='ocrx_word' id='word_1_195' title='bbox 1035 4806 1208 4883; x_wconf 83' lang='lat' dir='ltr'>Dauidica,</span> 
     </span>
     <span class='ocr_line' id='line_1_40' title="bbox 680 4901 1226 4988; baseline -0.002 -21"><span class='ocrx_word' id='word_1_196' title='bbox 680 4926 745 4988; x_wconf 90' lang='lat' dir='ltr'>qua</span> <span class='ocrx_word' id='word_1_197' title='bbox 761 4905 906 4968; x_wconf 88' lang='lat' dir='ltr'>salvatur</span> <span class='ocrx_word' id='word_1_198' title='bbox 922 4903 1016 4986; x_wconf 93' lang='lat' dir='ltr'>plebs</span> <span class='ocrx_word' id='word_1_199' title='bbox 1034 4901 1226 4980; x_wconf 88' lang='lat' dir='ltr'>lsraelitica,</span> 
     </span>
     <span class='ocr_line' id='line_1_41' title="bbox 680 5000 1215 5083; baseline -0.006 -18"><span class='ocrx_word' id='word_1_200' title='bbox 680 5011 776 5083; x_wconf 90' lang='lat' dir='ltr'>porta</span> <span class='ocrx_word' id='word_1_201' title='bbox 793 5001 888 5064; x_wconf 92' lang='lat' dir='ltr'>nobis</span> <span class='ocrx_word' id='word_1_202' title='bbox 905 5001 1071 5082; x_wconf 89' lang='lat' dir='ltr'>aperietur</span> <span class='ocrx_word' id='word_1_203' title='bbox 1086 5000 1215 5062; x_wconf 88' lang='lat' dir='ltr'>caelica.</span> 
     </span>
    </p>
   </div>
   <div class='ocr_carea' id='block_1_18' title="bbox 0 0 2052 5794">
    <p class='ocr_par' dir='ltr' id='par_1_21' title="bbox 0 0 2052 5794">
     <span class='ocr_line' id='line_1_42' title="bbox 0 0 2052 5794; baseline 0 0"><span class='ocrx_word' id='word_1_204' title='bbox 0 0 2052 5794; x_wconf 95' lang='lat' dir='ltr'> </span> 
     </span>
    </p>
   </div>
  </div>
 </body>
</html>
