4102 5792
481 527 555 595 440

771 521 914 570 Pilosnl:
946 520 1149 572 ECCLESIAE
1182 523 1422 576 REDONENSIS

541 748 624 822 307.
656 725 731 800 DE
762 723 985 798 SANCTA
1016 726 1365 802 KATHERINA
1397 731 1471 804 DE
1502 731 1679 807 SENlS.

795 973 806 1018 1

530 1082 664 1147 Christo
683 1081 767 1162 Regi
784 1079 970 1158 iubilemus,

531 1179 613 1242 Eius
629 1197 787 1259 sponsam
805 1175 1033 1244 collaudemus

574 1271 796 1335 Katherinam
815 1271 987 1353 virginem,

530 1369 586 1432 Ex
602 1368 736 1430 civitate
753 1365 927 1446 Senatum,

530 1465 624 1530 cuius
640 1483 762 1526 nomen
780 1471 830 1526 est
847 1465 1053 1544 praeclarum

576 1559 675 1624 duxit
691 1558 772 1620 haec
789 1557 962 1638 originem.

794 1679 812 1726 2

535 1770 633 1833 Hanc
650 1767 803 1832 Christus
818 1766 862 1830 ab
877 1766 1017 1830 infantia

531 1865 692 1948 repletam
711 1863 793 1926 mira
809 1863 916 1945 gratia

574 1982 594 2024 a
610 1960 738 2024 mundo
753 1959 940 2040 segregavit
955 1981 962 2038 ;

531 2055 745 2140 Virginitatis
761 2054 917 2137 perennis

530 2155 624 2234 virgo
639 2153 720 2214 dum
737 2160 824 2212 esset
840 2152 1013 2232 septennis

574 2256 690 2311 votum
708 2245 843 2309 Christo
859 2243 1012 2310 firmavit.

794 2365 811 2430 3

533 2455 696 2521 Ordinem
713 2452 940 2534 poenitentiae

534 2552 644 2627 intrat,
660 2559 771 2612 custos
789 2547 972 2611 munditiae

578 2647 609 2709 in
628 2643 861 2720 adolescentia,

536 2743 626 2807 Hinc
643 2741 774 2822 integro
790 2739 923 2803 silentio

534 2857 569 2900 se
585 2835 719 2899 retrusit
734 2834 879 2897 triennio

577 2930 810 3012 contemplans
827 2929 991 2995 caelestia.

534 3141 634 3204 Illata
650 3053 852 3202 daemonirm
870 3139 957 3202 bella

533 3235 701 3317 superavit
717 3234 798 3295 haec
815 3233 925 3315 puella

576 3332 697 3394 diurno
713 3329 903 3406 certamine,

535 3429 667 3508 Pugnat
683 3425 889 3490 orationibus
992 3415 997 3422 ’

534 3533 567 3586 et
583 3520 864 3603 flagellationibus

578 3616 684 3680 multo
701 3615 773 3678 suso
790 3616 961 3698 sanguine.

796 3733 811 3797 5

534 3825 601 3899 Pia,
617 3841 810 3885 succurrens
828 3821 965 3900 miseris,

534 3920 704 3986 Christum
722 3919 753 3979 in
772 3915 878 3980 forma
894 3921 1049 4001 pauperis

577 4015 710 4078 vestivit
726 4013 876 4076 celeriter
891 4037 898 4092 ;

535 4111 703 4173 Patienter
717 4109 801 4171 dura
816 4108 934 4188 serens,

533 4206 640 4288 aegris
657 4205 746 4287 piam
764 4224 876 4268 curam
893 4226 1012 4288 gerens

576 4301 710 4364 servivit
726 4298 886 4364 alacriter.

530 4507 647 4572 Cilicio
663 4507 758 4588 virgo
774 4526 857 4588 pura

530 4602 670 4684 ferrique
685 4611 804 4664 catena
820 4604 904 4667 dura

570 4717 690 4780 corpus
707 4697 920 4764 mortificavit
936 4723 943 4779 ;

528 4793 729 4856 Animarum
748 4813 808 4875 pro
825 4795 931 4860 salute

529 4899 578 4952 ter
594 4889 626 4952 in
643 4889 697 4952 die
713 4909 810 4952 caesa
828 4891 889 4954 rite

572 5007 643 5050 sese
663 4985 897 5068 disciplinavit.

1420 976 1440 1042 7

1158 1082 1296 1147 Nullum
1313 1083 1425 1148 cibum
1441 1085 1648 1168 corporalem

1157 1178 1199 1242 ad
1217 1198 1311 1242 suam
1329 1179 1432 1244 vitam
1450 1183 1625 1246 mortalem

1202 1274 1298 1338 annis
1316 1275 1430 1338 multis
1446 1277 1576 1356 edebat,

1161 1369 1227 1434 Sed
1245 1390 1373 1434 sacram
1390 1375 1661 1438 communionem
1698 1419 1701 1426 ι

1159 1485 1216 1546 per
1233 1485 1390 1547 magnam
1407 1469 1621 1534 devotionem

1203 1561 1354 1642 quotidie
1370 1563 1533 1626 sumebat.

1423 1685 1442 1746 8

1162 1806 1302 1888 Semper
1317 1806 1406 1869 horis
1424 1805 1490 1872 l'ere
1506 1809 1612 1874 tribus

1161 1902 1351 1984 rapiebatur
1366 1904 1526 1982 sensibus,

1205 2008 1339 2080 sumpta
1355 2000 1600 2078 communione,

1161 2092 1337 2175 Saepeque
1353 2094 1569 2176 corporaliter

1161 2187 1334 2250 levabatur
1349 2189 1497 2252 totaliter

1206 2285 1290 2348 mira
1304 2286 1492 2350 devotione.

1423 2430 1445 2491 9

1164 2521 1252 2585 Nam
1271 2524 1448 2605 magistros
1463 2526 1675 2592 doctissimos

1137 2621 1139 2626 '
1163 2627 1196 2680 et
1212 2619 1366 2681 doctores
1382 2621 1595 2702 gravissimos

1163 2723 1264 2798 atque
1280 2715 1547 2798 elegantissimos

1206 2811 1359 2874 doctrina
1375 2815 1542 2894 superavit
1558 2837 1566 2894 ;

1106 2936 1110 2945 Δ
1162 2905 1194 2971 O
1211 2906 1275 2969 Dei
1292 2909 1512 2989 providentia,

1162 3021 1248 3083 quae
1264 3021 1395 3066 summa
1411 3005 1578 3086 sapientia

1162 3113 1257 3182 grata
1274 3123 1407 3186 quoque
1423 3103 1580 3170 facundia

1206 3199 1367 3280 virginem
1384 3201 1576 3265 decoravit!

1416 3339 1454 3384 10

1164 3429 1291 3494 Graves
1307 3431 1497 3496 inimicitias

1163 3535 1196 3589 et
1211 3535 1339 3592 veteres
1355 3529 1541 3596 discordias

1163 3622 1383 3705 remissasque
1398 3625 1533 3691 iniurias

1205 3717 1343 3799 pacifice
1359 3721 1487 3785 sedavit
1504 3743 1512 3802 ;

1162 3813 1196 3876 A
1214 3814 1376 3878 Romanis
1394 3815 1559 3884 furoribus

1161 3909 1338 3973 Urbanum
1355 3922 1489 3977 sextum
1508 3917 1661 3996 precibus

1164 4016 1197 4069 et
1214 4007 1376 4088 susceptis
1392 4009 1583 4094 verberibus

1206 4101 1392 4166 Katherina
1409 4105 1560 4170 salvavit.

1418 4243 1450 4288 ll

1162 4333 1358 4411 Katherina,
1373 4355 1459 4416 quae
1477 4340 1615 4405 miseros

1160 4439 1352 4512 peccatores
1369 4431 1562 4498 innumeros

1159 4545 1200 4587 ne
1216 4524 1374 4588 caderent
1390 4527 1433 4589 ad
1450 4527 1572 4595 inferos

1203 4619 1340 4683 servasti
1358 4621 1543 4702 salubriter,

1159 4715 1263 4779 Adsis
1280 4715 1376 4778 nobis
1393 4719 1547 4799 propitia,

1159 4821 1347 4891 cunctaque
1363 4811 1449 4893 pelle
1465 4815 1556 4894 vitia,

1160 4909 1193 4962 et
1210 4900 1252 4962 ad
1270 4917 1372 4980 regna
1388 4899 1545 4967 caelestia

1161 4979 1163 4984 ’
1204 4985 1366 5068 perducas
1383 4983 1533 5054 finaliter.
