<?xml version="1.0" encoding="UTF-8"?>
<!DOCTYPE html PUBLIC "-//W3C//DTD XHTML 1.0 Transitional//EN"
    "http://www.w3.org/TR/xhtml1/DTD/xhtml1-transitional.dtd">
<html xmlns="http://www.w3.org/1999/xhtml" xml:lang="en" lang="en">
 <head>
  <title>
</title>
<meta http-equiv="Content-Type" content="text/html;charset=utf-8" />
  <meta name='ocr-system' content='tesseract 3.04.00' />
  <meta name='ocr-capabilities' content='ocr_page ocr_carea ocr_par ocr_line ocrx_word'/>
</head>
<body>
  <div class='ocr_page' id='page_1' title='image "./analectaliturgi00wealgoog/analectaliturgi00wealgoog_0568.png"; bbox 0 0 4096 5794; ppageno 0'>
   <div class='ocr_carea' id='block_1_1' title="bbox 532 515 1569 604">
    <p class='ocr_par' dir='ltr' id='par_1_1' title="bbox 532 515 1569 604">
     <span class='ocr_line' id='line_1_1' title="bbox 532 515 1569 604; baseline 0.005 -26"><span class='ocrx_word' id='word_1_1' title='bbox 532 529 674 581; x_wconf 83' lang='lat' dir='ltr'>PROSAE</span> <span class='ocrx_word' id='word_1_2' title='bbox 701 527 934 580; x_wconf 86' lang='lat' dir='ltr'><em>DOMINORVM</em></span> <span class='ocrx_word' id='word_1_3' title='bbox 962 529 1358 582; x_wconf 82' lang='lat' dir='ltr'><em>VLTRAMONTANORVM</em></span> <span class='ocrx_word' id='word_1_4' title='bbox 1503 515 1569 604; x_wconf 81' lang='lat'>561</span> 
     </span>
    </p>
   </div>
   <div class='ocr_carea' id='block_1_2' title="bbox 598 727 1180 1383">
    <p class='ocr_par' dir='ltr' id='par_1_2' title="bbox 598 727 1180 1383">
     <span class='ocr_line' id='line_1_2' title="bbox 942 727 976 788; baseline 0 0"><span class='ocrx_word' id='word_1_5' title='bbox 942 727 976 788; x_wconf 84' lang='lat'>13</span> 
     </span>
     <span class='ocr_line' id='line_1_3' title="bbox 598 821 1138 906; baseline 0.004 -23"><span class='ocrx_word' id='word_1_6' title='bbox 598 886 605 902; x_wconf 64' lang='grc'><em>,</em></span> <span class='ocrx_word' id='word_1_7' title='bbox 685 821 777 904; x_wconf 83' lang='lat' dir='ltr'>Ergo</span> <span class='ocrx_word' id='word_1_8' title='bbox 792 823 904 886; x_wconf 88' lang='lat' dir='ltr'>cuncti</span> <span class='ocrx_word' id='word_1_9' title='bbox 921 823 1138 906; x_wconf 85' lang='lat' dir='ltr'>gratulemur,</span> 
     </span>
     <span class='ocr_line' id='line_1_4' title="bbox 684 917 1143 982; baseline -0.002 -2"><span class='ocrx_word' id='word_1_10' title='bbox 684 927 718 980; x_wconf 90' lang='lat' dir='ltr'>et</span> <span class='ocrx_word' id='word_1_11' title='bbox 736 917 824 982; x_wconf 91' lang='lat' dir='ltr'>hunc</span> <span class='ocrx_word' id='word_1_12' title='bbox 840 917 929 981; x_wconf 90' lang='lat' dir='ltr'>diem</span> <span class='ocrx_word' id='word_1_13' title='bbox 947 937 1143 982; x_wconf 89' lang='lat' dir='ltr'>veneremur</span> 
     </span>
     <span class='ocr_line' id='line_1_5' title="bbox 728 1013 1109 1090; baseline 0.003 -13"><span class='ocrx_word' id='word_1_14' title='bbox 728 1013 772 1078; x_wconf 92' lang='lat' dir='ltr'>ob</span> <span class='ocrx_word' id='word_1_15' title='bbox 790 1014 884 1078; x_wconf 91' lang='lat' dir='ltr'>Pauli</span> <span class='ocrx_word' id='word_1_16' title='bbox 901 1015 1109 1090; x_wconf 85' lang='lat' dir='ltr'>memoriam,</span> 
     </span>
     <span class='ocr_line' id='line_1_6' title="bbox 686 1108 1180 1191; baseline -0.002 -18"><span class='ocrx_word' id='word_1_17' title='bbox 686 1108 736 1173; x_wconf 94' lang='lat' dir='ltr'>Ut</span> <span class='ocrx_word' id='word_1_18' title='bbox 752 1128 813 1173; x_wconf 90' lang='lat' dir='ltr'>nos</span> <span class='ocrx_word' id='word_1_19' title='bbox 830 1108 981 1174; x_wconf 91' lang='lat' dir='ltr'>Christus</span> <span class='ocrx_word' id='word_1_20' title='bbox 998 1129 1058 1172; x_wconf 93' lang='lat' dir='ltr'>sua</span> <span class='ocrx_word' id='word_1_21' title='bbox 1074 1128 1180 1191; x_wconf 86' lang='lat' dir='ltr'><strong>prece,</strong></span> 
     </span>
     <span class='ocr_line' id='line_1_7' title="bbox 685 1204 1082 1268; baseline 0.005 -3"><span class='ocrx_word' id='word_1_22' title='bbox 685 1205 886 1268; x_wconf 89' lang='lat' dir='ltr'>emundatos</span> <span class='ocrx_word' id='word_1_23' title='bbox 902 1205 994 1268; x_wconf 90' lang='lat' dir='ltr'>omni</span> <span class='ocrx_word' id='word_1_24' title='bbox 1012 1204 1082 1268; x_wconf 87' lang='lat' dir='ltr'>sece</span> 
     </span>
     <span class='ocr_line' id='line_1_8' title="bbox 730 1301 1117 1383; baseline 0.008 -22"><span class='ocrx_word' id='word_1_25' title='bbox 730 1301 891 1380; x_wconf 87' lang='lat' dir='ltr'>perducat</span> <span class='ocrx_word' id='word_1_26' title='bbox 907 1301 949 1364; x_wconf 90' lang='lat' dir='ltr'>ad</span> <span class='ocrx_word' id='word_1_27' title='bbox 966 1301 1117 1383; x_wconf 88' lang='lat' dir='ltr'>gloriam.</span> 
     </span>
    </p>
   </div>
   <div class='ocr_carea' id='block_1_3' title="bbox 326 1481 1586 1714">
    <p class='ocr_par' dir='ltr' id='par_1_3' title="bbox 326 1481 1586 1714">
     <span class='ocr_line' id='line_1_9' title="bbox 361 1481 1583 1554; baseline -0.001 -13"><span class='ocrx_word' id='word_1_28' title='bbox 361 1489 569 1541; x_wconf 82' lang='lat' dir='ltr'>Manusorits.</span> <span class='ocrx_word' id='word_1_29' title='bbox 592 1483 706 1537; x_wconf 75' lang='lat' dir='ltr'>Prius:</span> <span class='ocrx_word' id='word_1_30' title='bbox 727 1481 799 1536; x_wconf 90' lang='lat' dir='ltr'>Bibl.</span> <span class='ocrx_word' id='word_1_31' title='bbox 816 1483 891 1550; x_wconf 85' lang='lat' dir='ltr'>Nat,</span> <span class='ocrx_word' id='word_1_32' title='bbox 910 1484 970 1552; x_wconf 89' lang='lat'>778,</span> <span class='ocrx_word' id='word_1_33' title='bbox 985 1483 1115 1537; x_wconf 88' lang='lat' dir='ltr'>Prosaire</span> <span class='ocrx_word' id='word_1_34' title='bbox 1135 1483 1171 1537; x_wconf 91' lang='lat' dir='ltr'>de</span> <span class='ocrx_word' id='word_1_35' title='bbox 1191 1483 1583 1554; x_wconf 61' lang='grc'><strong>82121-11222121,2211212212,</strong></span> 
     </span>
     <span class='ocr_line' id='line_1_10' title="bbox 326 1561 1586 1634; baseline -0.002 -14"><span class='ocrx_word' id='word_1_36' title='bbox 326 1568 371 1632; x_wconf 59' lang='grc' dir='ltr'>Ρ]</span> <span class='ocrx_word' id='word_1_37' title='bbox 401 1580 449 1632; x_wconf 83' lang='grc'>242</span> <span class='ocrx_word' id='word_1_38' title='bbox 456 1577 479 1634; x_wconf 80' lang='grc'>5,</span> <span class='ocrx_word' id='word_1_39' title='bbox 493 1563 553 1618; x_wconf 77' lang='lat' dir='ltr'>xiiie</span> <span class='ocrx_word' id='word_1_40' title='bbox 562 1561 656 1630; x_wconf 69' lang='lat' dir='ltr'>siecle,</span> <span class='ocrx_word' id='word_1_41' title='bbox 676 1562 704 1616; x_wconf 90' lang='lat' dir='ltr'>V.</span> <span class='ocrx_word' id='word_1_42' title='bbox 738 1562 940 1617; x_wconf 69' lang='lat' dir='ltr'>Buba-Pusuz</span> <span class='ocrx_word' id='word_1_43' title='bbox 962 1563 1151 1632; x_wconf 70' lang='lat' dir='ltr'>MuseeNat,</span> <span class='ocrx_word' id='word_1_44' title='bbox 1164 1577 1207 1632; x_wconf 81' lang='lat'>94,</span> <span class='ocrx_word' id='word_1_45' title='bbox 1232 1563 1331 1618; x_wconf 88' lang='lat' dir='ltr'>Missel</span> <span class='ocrx_word' id='word_1_46' title='bbox 1353 1565 1507 1634; x_wconf 87' lang='lat' dir='ltr'>Hongrois,</span> <span class='ocrx_word' id='word_1_47' title='bbox 1528 1565 1586 1619; x_wconf 75' lang='grc' dir='ltr'>212ο</span> 
     </span>
     <span class='ocr_line' id='line_1_11' title="bbox 326 1641 1016 1714; baseline -0.007 -12"><span class='ocrx_word' id='word_1_48' title='bbox 326 1646 418 1714; x_wconf 70' lang='lat' dir='ltr'>siecle,</span> <span class='ocrx_word' id='word_1_49' title='bbox 433 1645 545 1708; x_wconf 82' lang='lat' dir='ltr'>B-PB,·</span> <span class='ocrx_word' id='word_1_50' title='bbox 576 1657 636 1712; x_wconf 89' lang='grc'><strong>222,</strong></span> <span class='ocrx_word' id='word_1_51' title='bbox 652 1642 741 1710; x_wconf 85' lang='lat' dir='ltr'>idern,</span> <span class='ocrx_word' id='word_1_52' title='bbox 755 1650 801 1696; x_wconf 87' lang='lat' dir='ltr'>xv·</span> <span class='ocrx_word' id='word_1_53' title='bbox 811 1641 905 1711; x_wconf 68' lang='lat' dir='ltr'>siecle,</span> <span class='ocrx_word' id='word_1_54' title='bbox 920 1642 1016 1697; x_wconf 88' lang='lat' dir='ltr'><em>B-PC.</em></span> 
     </span>
    </p>
   </div>
   <div class='ocr_carea' id='block_1_4' title="bbox 327 1771 1588 2004">
    <p class='ocr_par' dir='ltr' id='par_1_4' title="bbox 327 1771 1588 2004">
     <span class='ocr_line' id='line_1_12' title="bbox 366 1771 849 1843; baseline -0.004 -15"><span class='ocrx_word' id='word_1_55' title='bbox 366 1791 374 1828; x_wconf 88' lang='lat'>1</span> <span class='ocrx_word' id='word_1_56' title='bbox 392 1791 408 1828; x_wconf 84' lang='lat' dir='ltr'>e</span> <span class='ocrx_word' id='word_1_57' title='bbox 439 1773 467 1828; x_wconf 89' lang='lat' dir='ltr'>in</span> <span class='ocrx_word' id='word_1_58' title='bbox 481 1782 624 1843; x_wconf 86' lang='lat' dir='ltr'>pastorem</span> <span class='ocrx_word' id='word_1_59' title='bbox 639 1771 738 1824; x_wconf 82' lang='grc' dir='ltr'><em>Β-ΡΒ.</em></span> <span class='ocrx_word' id='word_1_60' title='bbox 752 1771 849 1826; x_wconf 86' lang='lat' dir='ltr'><em>B-PC.</em></span> 
     </span>
     <span class='ocr_line' id='line_1_13' title="bbox 363 1851 1588 1923; baseline 0 -15"><span class='ocrx_word' id='word_1_61' title='bbox 363 1855 440 1908; x_wconf 85' lang='lat' dir='ltr'>2La</span> <span class='ocrx_word' id='word_1_62' title='bbox 460 1851 608 1906; x_wconf 70' lang='lat' dir='ltr'>deuxieme</span> <span class='ocrx_word' id='word_1_63' title='bbox 634 1851 724 1921; x_wconf 89' lang='lat' dir='ltr'>partie</span> <span class='ocrx_word' id='word_1_64' title='bbox 755 1851 791 1905; x_wconf 91' lang='lat' dir='ltr'>de</span> <span class='ocrx_word' id='word_1_65' title='bbox 816 1861 889 1907; x_wconf 84' lang='lat' dir='ltr'>cette</span> <span class='ocrx_word' id='word_1_66' title='bbox 921 1853 1036 1922; x_wconf 85' lang='lat' dir='ltr'><strong>strophe</strong></span> <span class='ocrx_word' id='word_1_67' title='bbox 1065 1869 1188 1923; x_wconf 86' lang='lat' dir='ltr'>manque</span> <span class='ocrx_word' id='word_1_68' title='bbox 1214 1852 1286 1908; x_wconf 87' lang='lat' dir='ltr'>dans</span> <span class='ocrx_word' id='word_1_69' title='bbox 1316 1853 1416 1907; x_wconf 81' lang='grc' dir='ltr'><em>Β-ΡΒ.</em></span> <span class='ocrx_word' id='word_1_70' title='bbox 1438 1853 1534 1908; x_wconf 88' lang='lat' dir='ltr'><em>B-PC.</em></span> <span class='ocrx_word' id='word_1_71' title='bbox 1561 1864 1588 1908; x_wconf 87' lang='lat' dir='ltr'>et</span> 
     </span>
     <span class='ocr_line' id='line_1_14' title="bbox 327 1929 1588 2004; baseline 0 -16"><span class='ocrx_word' id='word_1_72' title='bbox 327 1933 487 2003; x_wconf 78' lang='lat' dir='ltr'>Aqrrileien.</span> <span class='ocrx_word' id='word_1_73' title='bbox 522 1933 584 1986; x_wconf 84' lang='lat' dir='ltr'>Elie</span> <span class='ocrx_word' id='word_1_74' title='bbox 597 1947 721 1999; x_wconf 88' lang='lat' dir='ltr'>manque</span> <span class='ocrx_word' id='word_1_75' title='bbox 731 1929 891 1999; x_wconf 72' lang='lat' dir='ltr'>egalement</span> <span class='ocrx_word' id='word_1_76' title='bbox 904 1932 976 1986; x_wconf 88' lang='lat' dir='ltr'>dans</span> <span class='ocrx_word' id='word_1_77' title='bbox 997 1933 1024 1986; x_wconf 90' lang='lat' dir='ltr'>V.</span> <span class='ocrx_word' id='word_1_78' title='bbox 1039 1931 1075 1986; x_wconf 81' lang='lat' dir='ltr'>oh</span> <span class='ocrx_word' id='word_1_79' title='bbox 1089 1949 1145 1986; x_wconf 87' lang='lat' dir='ltr'>une</span> <span class='ocrx_word' id='word_1_80' title='bbox 1163 1931 1241 1986; x_wconf 87' lang='lat' dir='ltr'>main</span> <span class='ocrx_word' id='word_1_81' title='bbox 1255 1932 1427 2004; x_wconf 71' lang='lat' dir='ltr'>posterieure</span> <span class='ocrx_word' id='word_1_82' title='bbox 1440 1949 1457 1988; x_wconf 93' lang='lat' dir='ltr'>a</span> <span class='ocrx_word' id='word_1_83' title='bbox 1470 1932 1539 1988; x_wconf 70' lang='lat' dir='ltr'>ecrit</span> <span class='ocrx_word' id='word_1_84' title='bbox 1553 1950 1588 1988; x_wconf 92' lang='lat' dir='ltr'>en</span> 
     </span>
    </p>
   </div>
   <div class='ocr_carea' id='block_1_5' title="bbox 328 2012 1095 2153">
    <p class='ocr_par' dir='ltr' id='par_1_5' title="bbox 328 2012 1095 2153">
     <span class='ocr_line' id='line_1_15' title="bbox 328 2012 711 2082; baseline -0.01 -15"><span class='ocrx_word' id='word_1_85' title='bbox 328 2030 424 2082; x_wconf 87' lang='lat' dir='ltr'>marge</span> <span class='ocrx_word' id='word_1_86' title='bbox 437 2013 478 2066; x_wconf 88' lang='lat' dir='ltr'>les</span> <span class='ocrx_word' id='word_1_87' title='bbox 492 2028 554 2065; x_wconf 87' lang='lat' dir='ltr'>vers</span> <span class='ocrx_word' id='word_1_88' title='bbox 567 2012 711 2066; x_wconf 89' lang='lat' dir='ltr'>suivants:</span> 
     </span>
     <span class='ocr_line' id='line_1_16' title="bbox 753 2082 1095 2153; baseline 0.009 -18"><span class='ocrx_word' id='word_1_89' title='bbox 753 2083 919 2138; x_wconf 83' lang='lat' dir='ltr'>Aemulator</span> <span class='ocrx_word' id='word_1_90' title='bbox 938 2099 1006 2138; x_wconf 84' lang='lat' dir='ltr'>suae</span> <span class='ocrx_word' id='word_1_91' title='bbox 1024 2082 1095 2153; x_wconf 85' lang='lat' dir='ltr'>legis</span> 
     </span>
    </p>
   </div>
   <div class='ocr_carea' id='block_1_6' title="bbox 329 2162 1591 2630">
    <p class='ocr_par' dir='ltr' id='par_1_6' title="bbox 329 2162 1591 2630">
     <span class='ocr_line' id='line_1_17' title="bbox 752 2162 1181 2233; baseline 0 -17"><span class='ocrx_word' id='word_1_92' title='bbox 752 2179 871 2232; x_wconf 84' lang='lat' dir='ltr'>pragma</span> <span class='ocrx_word' id='word_1_93' title='bbox 889 2162 1011 2233; x_wconf 90' lang='lat' dir='ltr'>sumpsit</span> <span class='ocrx_word' id='word_1_94' title='bbox 1029 2181 1047 2217; x_wconf 91' lang='lat' dir='ltr'>a</span> <span class='ocrx_word' id='word_1_95' title='bbox 1068 2163 1181 2217; x_wconf 85' lang='lat' dir='ltr'>ludaeis</span> 
     </span>
     <span class='ocr_line' id='line_1_18' title="bbox 788 2241 1041 2297; baseline 0 -1"><span class='ocrx_word' id='word_1_96' title='bbox 788 2252 818 2296; x_wconf 93' lang='lat' dir='ltr'>ut</span> <span class='ocrx_word' id='word_1_97' title='bbox 838 2252 947 2297; x_wconf 85' lang='lat' dir='ltr'><strong>secaret</strong></span> <span class='ocrx_word' id='word_1_98' title='bbox 965 2241 1041 2296; x_wconf 88' lang='lat' dir='ltr'>vitia.</span> 
     </span>
     <span class='ocr_line' id='line_1_19' title="bbox 329 2321 824 2395; baseline -0.01 -16"><span class='ocrx_word' id='word_1_99' title='bbox 329 2343 346 2379; x_wconf 88' lang='lat' dir='ltr'>e</span> <span class='ocrx_word' id='word_1_100' title='bbox 377 2323 424 2395; x_wconf 92' lang='lat' dir='ltr'>qui</span> <span class='ocrx_word' id='word_1_101' title='bbox 438 2323 570 2395; x_wconf 88' lang='lat' dir='ltr'>portabat</span> <span class='ocrx_word' id='word_1_102' title='bbox 582 2321 656 2390; x_wconf 83' lang='lat' dir='ltr'>Agni</span> <span class='ocrx_word' id='word_1_103' title='bbox 671 2323 824 2376; x_wconf 82' lang='lat' dir='ltr'>Br&#39;cterren.</span> 
     </span>
     <span class='ocr_line' id='line_1_20' title="bbox 367 2400 1591 2472; baseline 0 -15"><span class='ocrx_word' id='word_1_104' title='bbox 367 2419 415 2472; x_wconf 84' lang='lat' dir='ltr'>3a</span> <span class='ocrx_word' id='word_1_105' title='bbox 447 2403 499 2457; x_wconf 92' lang='lat' dir='ltr'>Cui</span> <span class='ocrx_word' id='word_1_106' title='bbox 510 2402 594 2472; x_wconf 87' lang='lat' dir='ltr'>spina</span> <span class='ocrx_word' id='word_1_107' title='bbox 612 2403 640 2457; x_wconf 89' lang='lat' dir='ltr'>V.</span> <span class='ocrx_word' id='word_1_108' title='bbox 671 2400 774 2471; x_wconf 88' lang='lat' dir='ltr'>Spinas</span> <span class='ocrx_word' id='word_1_109' title='bbox 788 2401 836 2471; x_wconf 91' lang='lat' dir='ltr'>qui</span> <span class='ocrx_word' id='word_1_110' title='bbox 847 2402 1000 2456; x_wconf 80' lang='lat' dir='ltr'>Bicterren.</span> <span class='ocrx_word' id='word_1_111' title='bbox 1035 2401 1144 2457; x_wconf 87' lang='lat' dir='ltr'>Praedo</span> <span class='ocrx_word' id='word_1_112' title='bbox 1164 2401 1207 2456; x_wconf 88' lang='lat' dir='ltr'>cui</span> <span class='ocrx_word' id='word_1_113' title='bbox 1224 2402 1320 2455; x_wconf 86' lang='lat' dir='ltr'><em>B-BP.</em></span> <span class='ocrx_word' id='word_1_114' title='bbox 1336 2402 1432 2456; x_wconf 86' lang='lat' dir='ltr'><em>B-PC.</em></span> <span class='ocrx_word' id='word_1_115' title='bbox 1469 2408 1491 2457; x_wconf 92' lang='lat' dir='ltr'>b</span> <span class='ocrx_word' id='word_1_116' title='bbox 1522 2402 1591 2457; x_wconf 89' lang='lat' dir='ltr'>affli-</span> 
     </span>
     <span class='ocr_line' id='line_1_21' title="bbox 331 2481 1132 2538; baseline -0.007 0"><span class='ocrx_word' id='word_1_117' title='bbox 331 2501 395 2538; x_wconf 89' lang='lat' dir='ltr'>xere</span> <span class='ocrx_word' id='word_1_118' title='bbox 409 2484 562 2537; x_wconf 75' lang='lat' dir='ltr'>Biclerren.</span> <span class='ocrx_word' id='word_1_119' title='bbox 1129 2481 1132 2487; x_wconf 84' lang='lat'>&#39;</span> 
     </span>
     <span class='ocr_line' id='line_1_22' title="bbox 368 2560 1213 2630; baseline -0.004 -13"><span class='ocrx_word' id='word_1_120' title='bbox 368 2579 384 2630; x_wconf 93' lang='lat'>4</span> <span class='ocrx_word' id='word_1_121' title='bbox 397 2569 418 2617; x_wconf 91' lang='lat' dir='ltr'>d</span> <span class='ocrx_word' id='word_1_122' title='bbox 450 2563 508 2616; x_wconf 90' lang='lat' dir='ltr'>Vas</span> <span class='ocrx_word' id='word_1_123' title='bbox 522 2562 576 2616; x_wconf 92' lang='lat' dir='ltr'>hoc</span> <span class='ocrx_word' id='word_1_124' title='bbox 589 2560 649 2615; x_wconf 89' lang='lat' dir='ltr'>limi</span> <span class='ocrx_word' id='word_1_125' title='bbox 661 2561 821 2630; x_wconf 80' lang='lat' dir='ltr'>Aqm&#39;leien.</span> <span class='ocrx_word' id='word_1_126' title='bbox 854 2561 912 2614; x_wconf 90' lang='lat' dir='ltr'>Vas</span> <span class='ocrx_word' id='word_1_127' title='bbox 925 2560 1045 2616; x_wconf 89' lang='lat' dir='ltr'>sublime</span> <span class='ocrx_word' id='word_1_128' title='bbox 1059 2561 1213 2615; x_wconf 81' lang='lat' dir='ltr'>Br&#39;clerren.</span> 
     </span>
    </p>
   </div>
   <div class='ocr_carea' id='block_1_7' title="bbox 334 2691 1594 2845">
    <p class='ocr_par' dir='ltr' id='par_1_7' title="bbox 334 2691 1594 2845">
     <span class='ocr_line' id='line_1_23' title="bbox 370 2691 1594 2762; baseline -0.001 -15"><span class='ocrx_word' id='word_1_129' title='bbox 370 2697 451 2748; x_wconf 85' lang='lat' dir='ltr'>Dans</span> <span class='ocrx_word' id='word_1_130' title='bbox 467 2693 565 2748; x_wconf 88' lang='lat' dir='ltr'><em>B-PB.</em></span> <span class='ocrx_word' id='word_1_131' title='bbox 588 2703 615 2748; x_wconf 91' lang='lat' dir='ltr'>et</span> <span class='ocrx_word' id='word_1_132' title='bbox 638 2692 710 2746; x_wconf 87' lang='lat' dir='ltr'>dans</span> <span class='ocrx_word' id='word_1_133' title='bbox 724 2691 820 2748; x_wconf 86' lang='lat' dir='ltr'><em>B-PC.</em></span> <span class='ocrx_word' id='word_1_134' title='bbox 841 2692 869 2748; x_wconf 92' lang='grc'>12</span> <span class='ocrx_word' id='word_1_135' title='bbox 888 2691 1035 2748; x_wconf 71' lang='grc'><strong>(1222122222</strong></span> <span class='ocrx_word' id='word_1_136' title='bbox 1056 2692 1146 2762; x_wconf 90' lang='lat' dir='ltr'>partie</span> <span class='ocrx_word' id='word_1_137' title='bbox 1170 2693 1207 2747; x_wconf 90' lang='lat' dir='ltr'>de</span> <span class='ocrx_word' id='word_1_138' title='bbox 1220 2702 1293 2748; x_wconf 89' lang='lat' dir='ltr'>cette</span> <span class='ocrx_word' id='word_1_139' title='bbox 1316 2693 1432 2762; x_wconf 83' lang='lat' dir='ltr'>strophe</span> <span class='ocrx_word' id='word_1_140' title='bbox 1456 2702 1500 2748; x_wconf 89' lang='lat' dir='ltr'>est</span> <span class='ocrx_word' id='word_1_141' title='bbox 1522 2708 1594 2748; x_wconf 88' lang='lat' dir='ltr'>rem·</span> 
     </span>
     <span class='ocr_line' id='line_1_24' title="bbox 334 2771 784 2845; baseline -0.009 -16"><span class='ocrx_word' id='word_1_142' title='bbox 334 2775 432 2845; x_wconf 65' lang='lat' dir='ltr'>platee</span> <span class='ocrx_word' id='word_1_143' title='bbox 445 2789 496 2843; x_wconf 90' lang='lat' dir='ltr'>par</span> <span class='ocrx_word' id='word_1_144' title='bbox 507 2773 549 2827; x_wconf 87' lang='lat' dir='ltr'>les</span> <span class='ocrx_word' id='word_1_145' title='bbox 562 2789 625 2826; x_wconf 88' lang='lat' dir='ltr'>vers</span> <span class='ocrx_word' id='word_1_146' title='bbox 639 2771 784 2826; x_wconf 87' lang='lat' dir='ltr'>suivants:</span> 
     </span>
    </p>
   </div>
   <div class='ocr_carea' id='block_1_8' title="bbox 336 2869 1596 3501">
    <p class='ocr_par' dir='ltr' id='par_1_8' title="bbox 336 2869 1596 3501">
     <span class='ocr_line' id='line_1_25' title="bbox 723 2869 1205 2940; baseline 0 -18"><span class='ocrx_word' id='word_1_147' title='bbox 723 2870 766 2922; x_wconf 86' lang='lat' dir='ltr'>Ex</span> <span class='ocrx_word' id='word_1_148' title='bbox 787 2869 936 2924; x_wconf 81' lang='lat' dir='ltr'>Beniamin</span> <span class='ocrx_word' id='word_1_149' title='bbox 956 2880 1100 2940; x_wconf 91' lang='lat' dir='ltr'>sumptum</span> <span class='ocrx_word' id='word_1_150' title='bbox 1120 2887 1205 2924; x_wconf 89' lang='lat' dir='ltr'>sacco</span> 
     </span>
     <span class='ocr_line' id='line_1_26' title="bbox 722 2950 1134 3039; baseline 0.002 -38"><span class='ocrx_word' id='word_1_151' title='bbox 722 2965 773 3002; x_wconf 91' lang='lat' dir='ltr'>vas</span> <span class='ocrx_word' id='word_1_152' title='bbox 793 2950 933 3039; x_wconf 75' lang='lat' dir='ltr'>caelatum</span> <span class='ocrx_word' id='word_1_153' title='bbox 953 2967 987 3038; x_wconf 66' lang='lat' dir='ltr'>err</span> <span class='ocrx_word' id='word_1_154' title='bbox 1005 2958 1134 3018; x_wconf 84' lang='lat' dir='ltr'>argento,</span> 
     </span>
     <span class='ocr_line' id='line_1_27' title="bbox 756 3037 1014 3095; baseline 0.008 -15"><span class='ocrx_word' id='word_1_155' title='bbox 756 3044 831 3095; x_wconf 79' lang='lat' dir='ltr'>regis</span> <span class='ocrx_word' id='word_1_156' title='bbox 850 3037 1014 3082; x_wconf 78' lang='lat' dir='ltr'>ministerio.</span> 
     </span>
     <span class='ocr_line' id='line_1_28' title="bbox 371 3123 794 3195; baseline -0.009 -16"><span class='ocrx_word' id='word_1_157' title='bbox 371 3131 421 3195; x_wconf 83' lang='grc'>51)</span> <span class='ocrx_word' id='word_1_158' title='bbox 451 3125 505 3178; x_wconf 90' lang='grc'><strong>1222</strong></span> <span class='ocrx_word' id='word_1_159' title='bbox 518 3124 547 3178; x_wconf 90' lang='lat' dir='ltr'>in</span> <span class='ocrx_word' id='word_1_160' title='bbox 561 3139 627 3178; x_wconf 89' lang='lat' dir='ltr'>arca</span> <span class='ocrx_word' id='word_1_161' title='bbox 641 3123 794 3176; x_wconf 82' lang='lat' dir='ltr'>Br&#39;clerren.</span> 
     </span>
     <span class='ocr_line' id='line_1_29' title="bbox 368 3202 1592 3272; baseline -0.002 -13"><span class='ocrx_word' id='word_1_162' title='bbox 368 3207 417 3259; x_wconf 87' lang='grc'>(22</span> <span class='ocrx_word' id='word_1_163' title='bbox 448 3205 503 3258; x_wconf 87' lang='grc' dir='ltr'><strong>12ο2</strong></span> <span class='ocrx_word' id='word_1_164' title='bbox 522 3219 572 3256; x_wconf 88' lang='lat' dir='ltr'>vas</span> <span class='ocrx_word' id='word_1_165' title='bbox 596 3202 774 3272; x_wconf 84' lang='lat' dir='ltr'>praeclarum</span> <span class='ocrx_word' id='word_1_166' title='bbox 796 3203 956 3271; x_wconf 82' lang='lat' dir='ltr'>Aquileierr.</span> <span class='ocrx_word' id='word_1_167' title='bbox 1004 3221 1022 3256; x_wconf 84' lang='grc'>2</span> <span class='ocrx_word' id='word_1_168' title='bbox 1052 3203 1140 3272; x_wconf 86' lang='lat' dir='ltr'>spirat</span> <span class='ocrx_word' id='word_1_169' title='bbox 1163 3204 1323 3272; x_wconf 79' lang='lat' dir='ltr'>Aqrriler&#39;en.</span> <span class='ocrx_word' id='word_1_170' title='bbox 1367 3207 1389 3256; x_wconf 88' lang='lat' dir='ltr'>d</span> <span class='ocrx_word' id='word_1_171' title='bbox 1426 3204 1462 3256; x_wconf 86' lang='lat' dir='ltr'>Et</span> <span class='ocrx_word' id='word_1_172' title='bbox 1491 3203 1592 3259; x_wconf 81' lang='lat' dir='ltr'>inserat</span> 
     </span>
     <span class='ocr_line' id='line_1_30' title="bbox 336 3285 1370 3430; baseline -0.001 -14"><span class='ocrx_word' id='word_1_173' title='bbox 336 3285 497 3430; x_wconf 45' lang='grc' dir='ltr'>Αᾳγπὲῃῖζὲ</span> <span class='ocrx_word' id='word_1_174' title='bbox 516 3362 565 3415; x_wconf 86' lang='lat' dir='ltr'>Me</span> <span class='ocrx_word' id='word_1_175' title='bbox 584 3360 682 3414; x_wconf 72' lang='grc'><strong>222.</strong></span> <span class='ocrx_word' id='word_1_176' title='bbox 698 3359 795 3415; x_wconf 76' lang='lat' dir='ltr'>ape.</span> <span class='ocrx_word' id='word_1_177' title='bbox 806 3359 966 3430; x_wconf 82' lang='lat' dir='ltr'>Aquileien.</span> <span class='ocrx_word' id='word_1_178' title='bbox 999 3366 1014 3414; x_wconf 86' lang='lat' dir='ltr'><strong>r</strong></span> <span class='ocrx_word' id='word_1_179' title='bbox 1043 3378 1092 3415; x_wconf 76' lang='lat' dir='ltr'>cur</span> <span class='ocrx_word' id='word_1_180' title='bbox 1108 3361 1264 3416; x_wconf 74' lang='lat' dir='ltr'>Men-pn.</span> <span class='ocrx_word' id='word_1_181' title='bbox 1276 3360 1370 3415; x_wconf 72' lang='grc'><strong>222.</strong></span> 
     </span>
     <span class='ocr_line' id='line_1_31' title="bbox 371 3429 1596 3501; baseline -0.001 -13"><span class='ocrx_word' id='word_1_182' title='bbox 371 3435 387 3488; x_wconf 91' lang='grc'>8</span> <span class='ocrx_word' id='word_1_183' title='bbox 408 3435 462 3487; x_wconf 88' lang='lat' dir='ltr'>Les</span> <span class='ocrx_word' id='word_1_184' title='bbox 476 3432 549 3486; x_wconf 90' lang='lat' dir='ltr'>deux</span> <span class='ocrx_word' id='word_1_185' title='bbox 562 3429 667 3501; x_wconf 88' lang='lat' dir='ltr'>parties</span> <span class='ocrx_word' id='word_1_186' title='bbox 675 3430 716 3492; x_wconf 69' lang='lat' dir='ltr'>,de</span> <span class='ocrx_word' id='word_1_187' title='bbox 728 3441 803 3486; x_wconf 89' lang='lat' dir='ltr'>cette</span> <span class='ocrx_word' id='word_1_188' title='bbox 816 3432 933 3500; x_wconf 86' lang='lat' dir='ltr'>strophe</span> <span class='ocrx_word' id='word_1_189' title='bbox 946 3441 1009 3485; x_wconf 91' lang='lat' dir='ltr'>sont</span> <span class='ocrx_word' id='word_1_190' title='bbox 1024 3431 1200 3486; x_wconf 87' lang='lat' dir='ltr'>interverties</span> <span class='ocrx_word' id='word_1_191' title='bbox 1221 3431 1294 3486; x_wconf 89' lang='lat' dir='ltr'>dans</span> <span class='ocrx_word' id='word_1_192' title='bbox 1313 3431 1471 3501; x_wconf 81' lang='lat' dir='ltr'>Aquiler&#39;en.</span> <span class='ocrx_word' id='word_1_193' title='bbox 1505 3448 1525 3485; x_wconf 91' lang='grc'>2</span> <span class='ocrx_word' id='word_1_194' title='bbox 1553 3441 1596 3487; x_wconf 88' lang='lat' dir='ltr'>est</span> 
     </span>
    </p>
   </div>
   <div class='ocr_carea' id='block_1_9' title="bbox 337 3509 1601 4219">
    <p class='ocr_par' dir='ltr' id='par_1_9' title="bbox 337 3509 1597 3666">
     <span class='ocr_line' id='line_1_32' title="bbox 337 3509 1597 3582; baseline -0.002 -16"><span class='ocrx_word' id='word_1_195' title='bbox 337 3513 464 3567; x_wconf 89' lang='lat' dir='ltr'>turbatus</span> <span class='ocrx_word' id='word_1_196' title='bbox 484 3510 511 3566; x_wconf 89' lang='lat' dir='ltr'>V.</span> <span class='ocrx_word' id='word_1_197' title='bbox 528 3510 626 3563; x_wconf 79' lang='lat' dir='ltr'><em>B-PB.</em></span> <span class='ocrx_word' id='word_1_198' title='bbox 640 3509 911 3578; x_wconf 80' lang='lat' dir='ltr'>B·PC.Aquiler&#39;en.</span> <span class='ocrx_word' id='word_1_199' title='bbox 944 3515 965 3564; x_wconf 84' lang='grc'>1)</span> <span class='ocrx_word' id='word_1_200' title='bbox 991 3510 1020 3563; x_wconf 88' lang='lat' dir='ltr'>in</span> <span class='ocrx_word' id='word_1_201' title='bbox 1038 3511 1156 3565; x_wconf 90' lang='lat' dir='ltr'>humum</span> <span class='ocrx_word' id='word_1_202' title='bbox 1171 3511 1368 3582; x_wconf 81' lang='lat' dir='ltr'>VAquiler&#39;en.</span> <span class='ocrx_word' id='word_1_203' title='bbox 1398 3527 1416 3564; x_wconf 86' lang='lat' dir='ltr'><strong>e</strong></span> <span class='ocrx_word' id='word_1_204' title='bbox 1437 3511 1597 3580; x_wconf 86' lang='lat' dir='ltr'>Quidnam</span> 
     </span>
     <span class='ocr_line' id='line_1_33' title="bbox 339 3593 884 3666; baseline -0.006 -16"><span class='ocrx_word' id='word_1_205' title='bbox 339 3595 497 3666; x_wconf 80' lang='lat' dir='ltr'>Aqur&#39;leirn.</span> <span class='ocrx_word' id='word_1_206' title='bbox 530 3611 545 3648; x_wconf 89' lang='lat' dir='ltr'><strong>e</strong></span> <span class='ocrx_word' id='word_1_207' title='bbox 577 3593 710 3646; x_wconf 82' lang='lat' dir='ltr'>defrenus</span> <span class='ocrx_word' id='word_1_208' title='bbox 724 3593 884 3662; x_wconf 78' lang='lat' dir='ltr'>Aquiler&#39;rn.</span> 
     </span>
    </p>

    <p class='ocr_par' dir='ltr' id='par_1_10' title="bbox 340 3671 1599 3822">
     <span class='ocr_line' id='line_1_34' title="bbox 373 3671 1599 3745; baseline -0.002 -17"><span class='ocrx_word' id='word_1_209' title='bbox 373 3680 457 3745; x_wconf 87' lang='grc'><strong>9212</strong></span> <span class='ocrx_word' id='word_1_210' title='bbox 489 3674 545 3728; x_wconf 90' lang='lat' dir='ltr'>Ces</span> <span class='ocrx_word' id='word_1_211' title='bbox 566 3673 640 3727; x_wconf 86' lang='lat' dir='ltr'>deux</span> <span class='ocrx_word' id='word_1_212' title='bbox 659 3689 723 3726; x_wconf 84' lang='lat' dir='ltr'>vers</span> <span class='ocrx_word' id='word_1_213' title='bbox 744 3682 808 3727; x_wconf 90' lang='lat' dir='ltr'>sont</span> <span class='ocrx_word' id='word_1_214' title='bbox 831 3671 991 3727; x_wconf 77' lang='lat' dir='ltr'>interventis</span> <span class='ocrx_word' id='word_1_215' title='bbox 1015 3673 1088 3726; x_wconf 87' lang='lat' dir='ltr'>dans</span> <span class='ocrx_word' id='word_1_216' title='bbox 1115 3673 1213 3726; x_wconf 86' lang='lat' dir='ltr'><em>B-PB.</em></span> <span class='ocrx_word' id='word_1_217' title='bbox 1236 3672 1331 3726; x_wconf 86' lang='lat' dir='ltr'><em>B-PC.</em></span> <span class='ocrx_word' id='word_1_218' title='bbox 1373 3677 1394 3725; x_wconf 90' lang='grc'>1)</span> <span class='ocrx_word' id='word_1_219' title='bbox 1432 3671 1599 3741; x_wconf 86' lang='lat' dir='ltr'>impugnare</span> 
     </span>
     <span class='ocr_line' id='line_1_35' title="bbox 340 3750 1245 3822; baseline -0.003 -14"><span class='ocrx_word' id='word_1_220' title='bbox 340 3756 494 3810; x_wconf 79' lang='lat' dir='ltr'>Bicterren.</span> <span class='ocrx_word' id='word_1_221' title='bbox 528 3757 548 3807; x_wconf 90' lang='lat' dir='ltr'>d</span> <span class='ocrx_word' id='word_1_222' title='bbox 576 3750 739 3822; x_wconf 86' lang='lat' dir='ltr'>Resipiscas</span> <span class='ocrx_word' id='word_1_223' title='bbox 759 3751 852 3806; x_wconf 86' lang='lat' dir='ltr'><em>B-PC.</em></span> <span class='ocrx_word' id='word_1_224' title='bbox 884 3757 899 3805; x_wconf 83' lang='grc'>1</span> <span class='ocrx_word' id='word_1_225' title='bbox 928 3752 1079 3822; x_wconf 86' lang='lat' dir='ltr'>degustare</span> <span class='ocrx_word' id='word_1_226' title='bbox 1091 3751 1245 3806; x_wconf 79' lang='lat' dir='ltr'>Biclerren.</span> 
     </span>
    </p>

    <p class='ocr_par' dir='ltr' id='par_1_11' title="bbox 361 3829 1031 3901">
     <span class='ocr_line' id='line_1_36' title="bbox 361 3829 1031 3901; baseline -0.003 -13"><span class='ocrx_word' id='word_1_227' title='bbox 361 3849 424 3888; x_wconf 83' lang='lat' dir='ltr'>toa</span> <span class='ocrx_word' id='word_1_228' title='bbox 457 3832 613 3901; x_wconf 80' lang='lat' dir='ltr'>Delegatus</span> <span class='ocrx_word' id='word_1_229' title='bbox 633 3830 660 3884; x_wconf 89' lang='lat' dir='ltr'>V.</span> <span class='ocrx_word' id='word_1_230' title='bbox 693 3835 707 3884; x_wconf 81' lang='grc'>1</span> <span class='ocrx_word' id='word_1_231' title='bbox 736 3829 860 3885; x_wconf 89' lang='lat' dir='ltr'>iustitiae</span> <span class='ocrx_word' id='word_1_232' title='bbox 871 3831 1031 3901; x_wconf 83' lang='lat' dir='ltr'>Aqur&#39;Ieim.</span> 
     </span>
    </p>

    <p class='ocr_par' dir='ltr' id='par_1_12' title="bbox 342 3909 1601 4219">
     <span class='ocr_line' id='line_1_37' title="bbox 361 3909 1526 3979; baseline -0.003 -12"><span class='ocrx_word' id='word_1_233' title='bbox 361 3929 423 3968; x_wconf 86' lang='lat' dir='ltr'>rra</span> <span class='ocrx_word' id='word_1_234' title='bbox 455 3912 548 3966; x_wconf 87' lang='grc'><strong>122222</strong></span> <span class='ocrx_word' id='word_1_235' title='bbox 561 3909 633 3964; x_wconf 82' lang='lat' dir='ltr'>serre</span> <span class='ocrx_word' id='word_1_236' title='bbox 647 3911 807 3979; x_wconf 81' lang='lat' dir='ltr'>Aqm&#39;ler&#39;en.</span> <span class='ocrx_word' id='word_1_237' title='bbox 839 3915 860 3964; x_wconf 89' lang='lat' dir='ltr'>d</span> <span class='ocrx_word' id='word_1_238' title='bbox 892 3910 1099 3966; x_wconf 88' lang='lat' dir='ltr'>Thessalonam</span> <span class='ocrx_word' id='word_1_239' title='bbox 1115 3911 1143 3966; x_wconf 91' lang='lat' dir='ltr'>V.</span> <span class='ocrx_word' id='word_1_240' title='bbox 1174 3910 1353 3964; x_wconf 82' lang='lat' dir='ltr'>Thessalona</span> <span class='ocrx_word' id='word_1_241' title='bbox 1366 3909 1526 3979; x_wconf 80' lang='lat' dir='ltr'>Aquiler&#39;en.</span> 
     </span>
     <span class='ocr_line' id='line_1_38' title="bbox 361 3989 1565 4062; baseline -0.003 -16"><span class='ocrx_word' id='word_1_242' title='bbox 361 3997 427 4046; x_wconf 84' lang='grc'><strong>2212</strong></span> <span class='ocrx_word' id='word_1_243' title='bbox 458 3990 653 4062; x_wconf 87' lang='lat' dir='ltr'>impugnando</span> <span class='ocrx_word' id='word_1_244' title='bbox 665 3989 735 4044; x_wconf 89' lang='lat' dir='ltr'>ritus</span> <span class='ocrx_word' id='word_1_245' title='bbox 746 4005 833 4058; x_wconf 84' lang='lat' dir='ltr'>vagos</span> <span class='ocrx_word' id='word_1_246' title='bbox 849 3989 1000 4044; x_wconf 78' lang='lat' dir='ltr'>Biclerren.</span> <span class='ocrx_word' id='word_1_247' title='bbox 1032 3995 1053 4044; x_wconf 94' lang='lat' dir='ltr'>d</span> <span class='ocrx_word' id='word_1_248' title='bbox 1080 3990 1191 4045; x_wconf 88' lang='lat' dir='ltr'>vinctus</span> <span class='ocrx_word' id='word_1_249' title='bbox 1205 3989 1468 4044; x_wconf 80' lang='lat' dir='ltr'>B-PC.Bt&#39;cterrrn.</span> <span class='ocrx_word' id='word_1_250' title='bbox 1556 3997 1565 4013; x_wconf 90' lang='lat'><strong>·</strong></span> 
     </span>
     <span class='ocr_line' id='line_1_39' title="bbox 362 4067 1601 4140; baseline -0.004 -14"><span class='ocrx_word' id='word_1_251' title='bbox 362 4087 392 4140; x_wconf 87' lang='lat'>13</span> <span class='ocrx_word' id='word_1_252' title='bbox 412 4072 494 4126; x_wconf 86' lang='lat' dir='ltr'>Cette</span> <span class='ocrx_word' id='word_1_253' title='bbox 507 4069 623 4139; x_wconf 87' lang='lat' dir='ltr'>strophe</span> <span class='ocrx_word' id='word_1_254' title='bbox 636 4085 759 4139; x_wconf 87' lang='lat' dir='ltr'>manque</span> <span class='ocrx_word' id='word_1_255' title='bbox 772 4070 844 4122; x_wconf 88' lang='lat' dir='ltr'>dans</span> <span class='ocrx_word' id='word_1_256' title='bbox 860 4069 886 4122; x_wconf 94' lang='lat' dir='ltr'>V.</span> <span class='ocrx_word' id='word_1_257' title='bbox 908 4070 947 4122; x_wconf 89' lang='lat' dir='ltr'>Le</span> <span class='ocrx_word' id='word_1_258' title='bbox 961 4069 1058 4124; x_wconf 87' lang='lat' dir='ltr'>Missel</span> <span class='ocrx_word' id='word_1_259' title='bbox 1068 4069 1214 4140; x_wconf 67' lang='lat' dir='ltr'>d’Aquilee</span> <span class='ocrx_word' id='word_1_260' title='bbox 1233 4079 1261 4124; x_wconf 87' lang='lat' dir='ltr'>et</span> <span class='ocrx_word' id='word_1_261' title='bbox 1272 4070 1313 4128; x_wconf 89' lang='grc'>122</span> <span class='ocrx_word' id='word_1_262' title='bbox 1320 4067 1490 4124; x_wconf 85' lang='lat' dir='ltr'>manuscrits</span> <span class='ocrx_word' id='word_1_263' title='bbox 1501 4067 1601 4121; x_wconf 84' lang='grc' dir='ltr'><em>Β-ΡΒ.</em></span> 
     </span>
     <span class='ocr_line' id='line_1_40' title="bbox 342 4147 1229 4219; baseline -0.001 -13"><span class='ocrx_word' id='word_1_264' title='bbox 342 4160 369 4206; x_wconf 90' lang='lat' dir='ltr'>et</span> <span class='ocrx_word' id='word_1_265' title='bbox 383 4150 480 4205; x_wconf 78' lang='lat' dir='ltr'><em>B-Pc.</em></span> <span class='ocrx_word' id='word_1_266' title='bbox 494 4165 566 4204; x_wconf 82' lang='lat' dir='ltr'>nous</span> <span class='ocrx_word' id='word_1_267' title='bbox 579 4147 680 4204; x_wconf 79' lang='lat' dir='ltr'>ornent</span> <span class='ocrx_word' id='word_1_268' title='bbox 693 4147 753 4204; x_wconf 76' lang='lat' dir='ltr'>hsa</span> <span class='ocrx_word' id='word_1_269' title='bbox 765 4148 847 4219; x_wconf 87' lang='lat' dir='ltr'>place</span> <span class='ocrx_word' id='word_1_270' title='bbox 859 4147 900 4202; x_wconf 86' lang='lat' dir='ltr'>les</span> <span class='ocrx_word' id='word_1_271' title='bbox 912 4147 1053 4202; x_wconf 85' lang='lat' dir='ltr'>variantes</span> <span class='ocrx_word' id='word_1_272' title='bbox 1067 4147 1229 4206; x_wconf 83' lang='lat' dir='ltr'>suivantesr</span> 
     </span>
    </p>
   </div>
   <div class='ocr_carea' id='block_1_10' title="bbox 571 4261 1407 4334">
    <p class='ocr_par' dir='ltr' id='par_1_13' title="bbox 571 4261 1407 4334">
     <span class='ocr_line' id='line_1_41' title="bbox 571 4261 1407 4334; baseline -0.002 -16"><span class='ocrx_word' id='word_1_273' title='bbox 571 4263 733 4334; x_wconf 82' lang='lat' dir='ltr'>Aquiler&#39;en.</span> <span class='ocrx_word' id='word_1_274' title='bbox 1142 4264 1243 4320; x_wconf 78' lang='grc' dir='ltr'><em>Β-ΡΒ.</em></span> <span class='ocrx_word' id='word_1_275' title='bbox 1263 4273 1292 4319; x_wconf 89' lang='lat' dir='ltr'>et</span> <span class='ocrx_word' id='word_1_276' title='bbox 1310 4261 1407 4316; x_wconf 88' lang='lat' dir='ltr'><em>B-PC.</em></span> 
     </span>
    </p>
   </div>
   <div class='ocr_carea' id='block_1_11' title="bbox 396 4374 1483 4844">
    <p class='ocr_par' dir='ltr' id='par_1_14' title="bbox 396 4374 1483 4844">
     <span class='ocr_line' id='line_1_42' title="bbox 396 4374 1409 4449; baseline -0.005 -15"><span class='ocrx_word' id='word_1_277' title='bbox 396 4375 458 4434; x_wconf 80' lang='lat' dir='ltr'>&#39;Ad</span> <span class='ocrx_word' id='word_1_278' title='bbox 477 4393 572 4449; x_wconf 85' lang='lat' dir='ltr'>quam,</span> <span class='ocrx_word' id='word_1_279' title='bbox 592 4375 713 4445; x_wconf 83' lang='lat' dir='ltr'>Christe,</span> <span class='ocrx_word' id='word_1_280' title='bbox 732 4374 778 4430; x_wconf 86' lang='grc'>122</span> <span class='ocrx_word' id='word_1_281' title='bbox 796 4374 894 4430; x_wconf 90' lang='lat' dir='ltr'>venire</span> <span class='ocrx_word' id='word_1_282' title='bbox 1045 4377 1122 4432; x_wconf 88' lang='lat' dir='ltr'><strong>Pelle</strong></span> <span class='ocrx_word' id='word_1_283' title='bbox 1140 4379 1247 4434; x_wconf 86' lang='lat' dir='ltr'>nubem</span> <span class='ocrx_word' id='word_1_284' title='bbox 1265 4377 1409 4443; x_wconf 83' lang='lat' dir='ltr'>salsitatis,</span> 
     </span>
     <span class='ocr_line' id='line_1_43' title="bbox 413 4455 1402 4525; baseline -0.004 -13"><span class='ocrx_word' id='word_1_285' title='bbox 413 4475 475 4525; x_wconf 90' lang='lat' dir='ltr'>nos,</span> <span class='ocrx_word' id='word_1_286' title='bbox 494 4469 522 4511; x_wconf 90' lang='lat' dir='ltr'>et</span> <span class='ocrx_word' id='word_1_287' title='bbox 542 4455 634 4522; x_wconf 81' lang='lat' dir='ltr'>solum</span> <span class='ocrx_word' id='word_1_288' title='bbox 653 4457 695 4512; x_wconf 83' lang='lat' dir='ltr'>Te</span> <span class='ocrx_word' id='word_1_289' title='bbox 714 4455 792 4510; x_wconf 87' lang='lat' dir='ltr'>sitire</span> <span class='ocrx_word' id='word_1_290' title='bbox 1045 4456 1132 4514; x_wconf 86' lang='lat' dir='ltr'>redde</span> <span class='ocrx_word' id='word_1_291' title='bbox 1151 4458 1247 4512; x_wconf 88' lang='lat' dir='ltr'>lumen</span> <span class='ocrx_word' id='word_1_292' title='bbox 1266 4455 1402 4522; x_wconf 86' lang='lat' dir='ltr'>veritatis,</span> 
     </span>
     <span class='ocr_line' id='line_1_44' title="bbox 451 4533 1471 4607; baseline -0.006 -16"><span class='ocrx_word' id='word_1_293' title='bbox 451 4537 549 4592; x_wconf 89' lang='lat' dir='ltr'>Sancti</span> <span class='ocrx_word' id='word_1_294' title='bbox 569 4535 648 4590; x_wconf 90' lang='lat' dir='ltr'>Pauli</span> <span class='ocrx_word' id='word_1_295' title='bbox 667 4533 820 4606; x_wconf 85' lang='lat' dir='ltr'>precibus;</span> <span class='ocrx_word' id='word_1_296' title='bbox 1083 4535 1177 4607; x_wconf 85' lang='lat' dir='ltr'>Paule,</span> <span class='ocrx_word' id='word_1_297' title='bbox 1197 4536 1302 4592; x_wconf 90' lang='lat' dir='ltr'>nostris</span> <span class='ocrx_word' id='word_1_298' title='bbox 1321 4533 1471 4596; x_wconf 84' lang='lat' dir='ltr'>cordibus;</span> 
     </span>
     <span class='ocr_line' id='line_1_45' title="bbox 417 4615 1483 4688; baseline -0.007 -14"><span class='ocrx_word' id='word_1_299' title='bbox 417 4619 458 4674; x_wconf 92' lang='lat' dir='ltr'>Ut</span> <span class='ocrx_word' id='word_1_300' title='bbox 476 4635 541 4674; x_wconf 89' lang='lat' dir='ltr'>cum</span> <span class='ocrx_word' id='word_1_301' title='bbox 560 4617 623 4688; x_wconf 83' lang='lat' dir='ltr'>ipso</span> <span class='ocrx_word' id='word_1_302' title='bbox 641 4616 815 4687; x_wconf 84' lang='lat' dir='ltr'>gratulemur</span> <span class='ocrx_word' id='word_1_303' title='bbox 1049 4616 1094 4670; x_wconf 91' lang='lat' dir='ltr'>Sis</span> <span class='ocrx_word' id='word_1_304' title='bbox 1113 4629 1264 4688; x_wconf 88' lang='lat' dir='ltr'>protector,</span> <span class='ocrx_word' id='word_1_305' title='bbox 1284 4617 1323 4672; x_wconf 83' lang='lat' dir='ltr'>sis</span> <span class='ocrx_word' id='word_1_306' title='bbox 1342 4615 1483 4684; x_wconf 79' lang='lat' dir='ltr'>defensor,</span> 
     </span>
     <span class='ocr_line' id='line_1_46' title="bbox 417 4697 1446 4766; baseline -0.003 -16"><span class='ocrx_word' id='word_1_307' title='bbox 417 4698 516 4766; x_wconf 87' lang='lat' dir='ltr'>Teque</span> <span class='ocrx_word' id='word_1_308' title='bbox 537 4698 630 4752; x_wconf 92' lang='lat' dir='ltr'>Deum</span> <span class='ocrx_word' id='word_1_309' title='bbox 649 4711 817 4750; x_wconf 86' lang='lat' dir='ltr'>veneremur</span> <span class='ocrx_word' id='word_1_310' title='bbox 1048 4705 1096 4750; x_wconf 94' lang='lat' dir='ltr'>tuo</span> <span class='ocrx_word' id='word_1_311' title='bbox 1114 4697 1202 4766; x_wconf 82' lang='lat' dir='ltr'>gregi,</span> <span class='ocrx_word' id='word_1_312' title='bbox 1221 4698 1261 4751; x_wconf 83' lang='lat' dir='ltr'>sis</span> <span class='ocrx_word' id='word_1_313' title='bbox 1279 4710 1446 4766; x_wconf 83' lang='lat' dir='ltr'>praecessor</span> 
     </span>
     <span class='ocr_line' id='line_1_47' title="bbox 448 4772 1442 4844; baseline -0.002 -16"><span class='ocrx_word' id='word_1_314' title='bbox 448 4775 476 4828; x_wconf 90' lang='lat' dir='ltr'>in</span> <span class='ocrx_word' id='word_1_315' title='bbox 495 4773 591 4844; x_wconf 83' lang='lat' dir='ltr'>regnis</span> <span class='ocrx_word' id='word_1_316' title='bbox 610 4773 789 4829; x_wconf 84' lang='lat' dir='ltr'>caelestibus.</span> <span class='ocrx_word' id='word_1_317' title='bbox 1087 4775 1124 4829; x_wconf 90' lang='lat' dir='ltr'>ad</span> <span class='ocrx_word' id='word_1_318' title='bbox 1143 4777 1295 4831; x_wconf 80' lang='lat' dir='ltr'>caelestem</span> <span class='ocrx_word' id='word_1_319' title='bbox 1314 4772 1442 4843; x_wconf 84' lang='lat' dir='ltr'>patriam.</span> 
     </span>
    </p>
   </div>
   <div class='ocr_carea' id='block_1_12' title="bbox 0 0 2058 5794">
    <p class='ocr_par' dir='ltr' id='par_1_15' title="bbox 0 0 2058 5794">
     <span class='ocr_line' id='line_1_48' title="bbox 0 0 2058 5794; baseline 0 0"><span class='ocrx_word' id='word_1_320' title='bbox 0 0 2058 5794; x_wconf 95' lang='lat' dir='ltr'> </span> 
     </span>
    </p>
   </div>
  </div>
 </body>
</html>
