4102 5790
480 451 549 506 100

790 449 933 502 PROSAE
959 449 1163 502 ECCLESIAE
1190 451 1415 506 LEODIENSIS

905 669 962 742 70.
995 649 1069 722 oa
1101 648 1300 724 soon.

781 854 792 898 1

538 981 706 1066 Spiritalis
721 991 832 1044 turma
847 978 980 1064 plaude,

537 1080 650 1144 Odarn
667 1077 768 1140 lauda
784 1077 853 1158 iugi
870 1075 978 1152 laude,

580 1175 701 1238 celebri
720 1172 867 1236 melodia
880 1193 887 1252 ;

536 1269 673 1338 Ancilla
689 1268 814 1334 Christi
832 1267 939 1331 fidelis

536 1370 613 1436 Oda
629 1365 801 1450 praemisit
819 1365 851 1426 in
868 1363 970 1428 caelis

578 1483 659 1546 opes
675 1471 710 1524 et
725 1459 859 1524 allodia.

775 1623 793 1668 2

536 1757 632 1820 Haec
648 1756 691 1818 de
708 1754 824 1818 mundi
837 1751 1039 1836 primoribus

535 1862 618 1928 orta,
634 1851 755 1914 ditavit
771 1847 920 1912 moribus

577 1944 689 2009 nobile
705 1945 898 2028 coniugium
914 1965 921 2024 ;

535 2041 698 2124 Flagrans
714 2042 793 2124 igne
809 2041 991 2118 charitatis,

532 2139 671 2201 viduata
686 2137 851 2200 castitatis

576 2233 678 2318 elegit
694 2233 875 2316 fastigium.

774 2397 791 2460 3

534 2527 619 2591 Eius
635 2535 783 2589 mentem
801 2545 867 2588 non
884 2525 1033 2589 turbavit

533 2643 595 2686 nec
611 2624 654 2686 ad
667 2621 797 2703 lapsum
816 2620 989 2684 inclinavit

576 2739 684 2782 rerum
702 2716 884 2794 affluentia,

532 2815 644 2899 Quam
661 2815 916 2878 demonstrabat
934 2813 1057 2877 macies

531 2923 565 2976 et
581 2909 732 2994 angelica
748 2909 849 2974 facies

574 3008 714 3071 tinctam
732 3006 945 3072 abstinentia.

769 3169 791 3230 4

531 3296 749 3362 Conculcavit
766 3297 884 3360 mundi
900 3295 1026 3374 florem,

530 3395 601 3456 eius
617 3393 741 3476 sprevit
758 3403 791 3456 et
807 3393 955 3470 livorem,

573 3509 736 3572 quaerens
752 3488 835 3551 caeli
851 3489 975 3572 gaudia
991 3509 998 3566 ;

1168 833 1281 898 Odarn
1300 833 1452 899 Christus
1468 809 1660 912 consopivit

1169 928 1216 992 illi
1234 947 1379 1011 namque
1394 925 1573 991 deservivit

1123 1021 1125 1026 ’
1211 1025 1364 1088 inaurata
1381 1022 1512 1086 fimbria
1529 1043 1536 1100 ;

1410 1217 1425 1282 5

1167 1378 1353 1442 Amanium
1370 1377 1550 1452 decoravit,

1165 1473 1221 1538 ubi
1239 1483 1331 1538 casta
1349 1471 1505 1537 militavit

1209 1569 1344 1634 Christo
1359 1569 1440 1632 totis
1453 1567 1578 1630 viribus
1593 1587 1601 1646 ;

1167 1665 1241 1730 Illic
1259 1665 1334 1730 Oda
1352 1664 1514 1748 sepelitur

1164 1772 1266 1845 atque
1282 1761 1379 1824 claris
1396 1761 1574 1842 insignitur

1208 1858 1313 1940 signis
1329 1867 1363 1921 et
1378 1857 1566 1920 virtutibus.

1404 2032 1426 2094 6

1167 2192 1262 2255 Haec
1278 2190 1393 2272 virago
1409 2209 1581 2272 generosa,

1166 2285 1315 2352 Paradisi
1331 2305 1473 2350 vernans
1489 2305 1574 2362 rosa,

1207 2383 1313 2467 fulget
1330 2383 1363 2445 in
1380 2381 1579 2445 caelestibus
1595 2404 1602 2459 ;

1165 2481 1302 2544 Etcum
1320 2478 1455 2544 Christo
1471 2477 1643 2560 gloriatur,

1165 2597 1250 2660 quae
1267 2596 1327 2638 nos
1344 2575 1412 2638 suis
1428 2582 1562 2638 tueatur

1209 2671 1335 2734 meritis
1351 2681 1385 2733 et
1400 2670 1563 2753 precibus.

1402 2859 1422 2926 7

1164 3007 1276 3070 Amen
1294 3005 1385 3068 dicat
1402 3003 1465 3066 iste
1480 3001 1610 3080 choruS,

1163 3113 1199 3167 ut
1215 3123 1290 3166 cum
1309 3100 1386 3165 Oda
1402 3101 1445 3162 sit
1460 3099 1611 3176 decorus,

1206 3199 1238 3260 in
1256 3195 1390 3260 caelesti
1407 3196 1515 3279 patria
1531 3217 1538 3273 ;

1162 3295 1293 3360 Chorus
1310 3293 1372 3355 iste
1388 3293 1478 3355 dicat
1493 3291 1617 3369 Amen,

1160 3401 1197 3454 ut
1213 3409 1288 3452 curn
1306 3385 1394 3464 Oda,
1410 3397 1488 3470 post
1503 3407 1658 3464 examen,

1205 3487 1363 3549 decantet
1379 3483 1536 3547 Alleluia.

501 3665 696 3716 Manuscrtt.
718 3661 925 3715 BRUXELLES:
941 3659 1014 3714 Bibl.
1029 3661 1110 3729 Roy,
1124 3659 1203 3728 3782,
1215 3657 1323 3726 Missel,
1335 3656 1452 3712 xv‘·xvi⁰
1465 3655 1575 3726 siecles,
1588 3655 1649 3710 BB.

499 3787 512 3844 5
527 3791 547 3830 a
579 3774 734 3830 Emanium
747 3773 1035 3843 BB.Leodien.1502.

722 4079 778 4152 71.
812 4059 888 4132 oa
917 4057 1143 4133 sancto
1174 4055 1465 4131 avuouoo

771 4303 782 4348 1

526 4429 711 4494 Iubilemus
728 4431 864 4496 salutari

525 4543 642 4598 nostro
659 4535 803 4614 Christ0,
820 4535 899 4600 voto
917 4538 988 4618 pari

566 4651 628 4712 pro
643 4632 750 4694 sancti
769 4633 939 4710 memoria,

1400 4300 1418 4346 2

1160 4431 1191 4496 Ο
1210 4429 1389 4506 Rumolde,
1407 4437 1534 4511 martyr
1550 4436 1674 4504 sancte,

1157 4557 1271 4600 aurem
1289 4535 1411 4618 praebe
1428 4533 1518 4598 laudi
1535 4541 1651 4596 tantae

1198 4633 1301 4696 servis
1317 4630 1512 4714 patrocinia,

522 4725 632 4808 Quem
649 4727 786 4790 decorat
802 4729 938 4810 sanguis
955 4728 1046 4792 fusus
1155 4727 1222 4811 Qui
1239 4728 1365 4810 liquisti
1382 4726 1558 4790 facultates

522 4833 555 4886 et
571 4823 732 4886 virtutum
750 4822 905 4906 frequens
922 4845 1001 4888 usus

565 4938 641 4982 cum
658 4919 794 4983 caelesti
810 4917 927 5001 gloria.

1154 4835 1188 4889 et
1204 4824 1333 4908 regales
1350 4823 1531 4906 dignitates

1198 4919 1406 5004 paupertatis
1422 4917 1538 5001 gratia.
