4108 5794
591 521 733 575 l’ROSAE
764 521 968 574 ECCLESIAE
992 521 1286 573 XANCTONENSIS
1494 517 1564 592 247

335 705 544 758 manuscrits.
561 667 762 757 PAR1stBibl.
778 702 854 770 Nat,
871 700 947 769 1108,
967 700 1082 754 xv⁶·xvi“'
1092 699 1186 768 siecle,
1205 700 1236 753 Υ.
1270 698 1343 754 Bibl.
1354 699 1390 755 de
1413 699 1552 756 l’Arsenal

298 797 359 852 204,
371 781 469 838 Missel
482 781 501 835 a
513 781 618 854 l’usage
631 781 683 837 des
691 779 989 851 Archers-Bourgeois
999 781 1036 836 de
1050 781 1138 848 Paris,
1155 794 1165 834 1
1173 793 1185 850 5
1190 795 1205 848 3
1210 793 1233 850 5,
1246 781 1280 834 Z.

340 941 350 982 1
366 931 387 982 d
418 936 446 983 et
461 927 577 984 Suessio
591 929 701 984 Remu.
735 929 885 985 Successio
898 927 1049 982 Abrincen.
1064 926 1207 982 Morinen.

337 1021 352 1062 2
364 1012 385 1062 b
415 1005 501 1063 exivit
514 1009 666 1065 Abrincen.
683 1009 828 1064 Mon'nen.
842 1009 1018 1064 Xanctonen.

337 1093 387 1157 3b
416 1097 553 1158 magnato
569 1090 599 1144 Υ.
627 1099 774 1145 manatum
788 1089 822 1144 Z.

335 1185 350 1230 4
364 1184 381 1222 o
413 1168 465 1222 sub
478 1169 579 1240 clypea
592 1186 702 1239 poposa
716 1169 749 1239 (l)
762 1170 796 1224 Ζ.
824 1169 877 1223 sub
893 1168 1005 1240 clopula
1018 1168 1169 1238 chlamyde
1183 1167 1216 1220 X
1214 1172 1358 1222 anctonen.

337 1251 378 1316 51
408 1247 492 1301 fidem
506 1247 724 1304 serensRemen.
757 1254 800 1303 hl
829 1249 884 1303 Ces
903 1247 976 1303 deux
995 1265 1058 1303 vers
1072 1259 1136 1302 sont
1151 1247 1311 1302 intervertis
1328 1247 1401 1302 dans
1417 1248 1447 1302 Υ.
1477 1253 1487 1302 l
1515 1247 1562 1303 hic

261 1361 263 1364 -
301 1327 452 1396 languores
466 1327 578 1382 Romen.
611 1333 634 1382 lr
665 1329 767 1398 fugans
780 1330 891 1382 Reman.

334 1405 351 1459 6
371 1407 409 1462 Le
423 1417 498 1462 texte
512 1407 551 1462 du
567 1407 666 1463 Missel
678 1409 714 1464 de
726 1409 839 1464 Saintes
852 1405 967 1462 devient
986 1405 1021 1461 ici
1044 1406 1100 1461 tres
1115 1405 1245 1461 different
1268 1405 1304 1460 de
1323 1407 1395 1462 celui
1416 1424 1471 1478 que
1484 1424 1557 1462 nous

302 1485 449 1556 adoptons.
483 1488 524 1541 La
534 1489 694 1560 rythmique
703 1489 754 1544 des
764 1487 896 1558 strophas
908 1485 1024 1558 indique
1034 1503 1088 1541 une
1098 1485 1309 1556 interpolation.
1337 1486 1561 1559 C'estpourquoi

302 1581 373 1621 nous
386 1566 427 1621 les
439 1567 573 1637 publions
586 1585 622 1624 eu
633 1580 716 1624 note.

607 1692 625 1751 6

373 1796 539 1868 Imperatori
559 1798 669 1854 delatus

371 1886 398 1931 et
417 1876 541 1946 graviter
558 1887 707 1932 accusatus

371 1957 447 2027 quod
465 1957 552 2012 fidem
572 1957 676 2012 Christi
697 1967 828 2026 sectatur,

373 2035 410 2090 Se
429 2045 591 2091 constanter
610 2036 811 2107 Christianum,

374 2117 401 2188 et
420 2107 559 2162 idolorum
579 2108 728 2178 profanum

380 2187 462 2232 ntum
482 2195 546 2233 esse
564 2189 746 2250 protestatur.

610 2306 624 2358 7

375 2393 528 2450 carnifices
547 2394 584 2450 ad
604 2395 729 2466 stipitem

373 2466 466 2535 palam
485 2477 628 2521 sacratum
647 2468 765 2524 militem

373 2544 530 2616 ligaverunt
548 2548 690 2616 atrociter,

374 2625 557 2696 Nequissima
575 2627 726 2698 sententia,

371 2720 437 2758 nam
456 2721 508 2776 pro
527 2706 617 2762 salute
636 2705 714 2777 regia

373 2783 469 2838 Deum
487 2786 606 2856 rogabat
625 2785 733 2856 iugiter.

608 2897 624 2952 8

372 2997 453 3088 l'unc
472 2997 616 3069 nequitiae
634 2987 754 3056 ministri

371 3093 447 3132 iussu
467 3077 547 3148 impii
566 3079 694 3149 magistri

371 3171 453 3210 arcus
473 3166 571 3227 aptant
590 3157 715 3213 velocius

1002 1691 1040 1745 Et
1059 1702 1188 1745 sanctum
1209 1689 1331 1746 reddunt
1350 1700 1501 1746 consutum
1540 1669 1543 1676 ¹

983 1770 1119 1840 sagittis,
1139 1781 1225 1841 atque
1243 1770 1384 1826 hirsutum

1000 1863 1030 1908 ut
1049 1861 1092 1908 est
1111 1853 1201 1923 spinis
1220 1853 1340 1908 lieutius.
1354 1853 1388 1922 (i)

1002 2028 1079 2098 Post,
1098 2045 1183 2100 super
1201 1957 1440 2100 hipqpodromium,

1004 2107 1042 2162 ibi
1062 2107 1138 2163 iuxta
1158 2108 1294 2179 palatium
1390 2179 1393 2186 Ι

1003 2188 1142 2243 laceratur
1160 2189 1329 2254 crudeliter;

1003 2269 1140 2323 Sanctum
1159 2268 1254 2324 emisit
1272 2268 1411 2340 spiritum,

1002 2346 1040 2401 ad
1059 2348 1139 2401 cuius
1158 2357 1274 2402 cantant
1293 2347 1398 2403 exitum

1002 2427 1096 2495 angeli
1116 2427 1206 2482 sancti
1226 2426 1353 2483 dulciter.

1235 2529 1269 2568 10

1005 2603 1038 2656 In
1057 2604 1155 2658 cloaca
1174 2604 1332 2659 aduncatur

1001 2699 1104 2754 corpus
1123 2683 1226 2738 sacrati
1246 2683 1352 2752 militis,

1002 2778 1039 2817 ne
1057 2772 1086 2817 ut
1106 2773 1212 2833 martyr
1230 2763 1370 2818 habeatur

1002 2842 1180 2898 venerandus
1198 2859 1250 2914 pro
1269 2842 1399 2908 meritis;

1002 2923 1083 2976 Tunc
1102 2940 1153 2993 per
1171 2933 1300 2978 sanctum
1320 2923 1484 2977 admonitae

1004 3001 1128 3057 Lucinae
1147 3003 1229 3058 matri
1249 3003 1371 3072 inclytae

1002 3081 1131 3151 diligenti
1150 3082 1201 3138 luit
1220 3099 1305 3138 curae

1002 3161 1071 3215 illud
1090 3162 1158 3216 dare
1178 3162 1347 3232 sepulturae.

336 3311 386 3366 da
412 3321 440 3367 et
454 3312 491 3366 ad
503 3312 602 3368 ludum
616 3315 767 3372 Abn'ncen.
782 3317 911 3372 Barbcen.
928 3317 1103 3372 Cameracen.
1119 3317 1311 3372 Comiantien.
1324 3317 1484 3382 Mon'nen„

337 3403 352 3457 7
366 3407 386 3445 a
416 3393 460 3446 Tu
481 3393 616 3464 triumphi
637 3395 767 3452 Baiocen.
781 3396 924 3452 Morinen.
963 3397 1068 3468 duplex
1081 3399 1209 3452 Baiocen.
1225 3397 1399 3452 cameracen.
1413 3397 1558 3454 Morr'nen.

300 3475 323 3524 h
359 3469 436 3526 misit
449 3473 546 3528 anima
558 3474 670 3528 Remea.
698 3481 719 3530 h
747 3477 829 3546 pellis
843 3477 930 3532 virtus
939 3477 973 3532 Z.
1004 3495 1022 3532 c
1052 3478 1204 3548 resumpsit
1217 3478 1359 3533 Menneu.
1382 3495 1399 3532 e
1425 3479 1560 3548 Gumpho

298 3548 444 3605 Mon'nen.
476 3557 491 3606 t
521 3569 633 3608 sursum
646 3555 783 3625 adoptata
795 3557 829 3611 Z.

339 3629 384 3684 80
414 3631 500 3686 Tanti
513 3632 604 3688 dulcis
614 3634 648 3688 Z.
677 3703 679 3710 Ι

339 3761 377 3816 Le
391 3763 490 3820 Missel
504 3765 540 3820 de
554 3765 676 3836 Saintes,
690 3766 745 3822 ala
757 3767 830 3824 suite
840 3768 891 3824 des
901 3769 1033 3838 strophes
1047 3769 1094 3839 qui
1104 3768 1141 3822 lui
1156 3779 1220 3822 sont
1234 3767 1427 3837 particulieres
1440 3768 1535 3840 ajoute
1553 3787 1559 3822 :

703 3847 799 3901 Cessat
817 3849 937 3918 morbus,
955 3853 1045 3902 cessat
1054 3850 1164 3918 pestis,·

301 3919 377 3977 mais
390 3923 456 3978 c'est
470 3925 497 3978 la
510 3941 566 3980 une
580 3926 668 3980 Prose
679 3927 803 3998 speciale
816 3945 871 3998 que
884 3944 955 3982 nous
968 3945 1057 3984 avons
1068 3927 1169 3997 dditee,
1178 3936 1210 3982 n⁰
1219 3942 1261 3996 92.
