4116 5784
642 539 784 591 PROSAE
812 539 1016 592 ECCLESIAE
1042 539 1294 592 ABRINCENSIS
1524 541 1595 615 325

641 721 659 782 8
1271 737 1293 799 9

511 858 586 924 Sint
603 868 741 941 peccata
1009 858 1048 921 In
1066 859 1240 924 tremenda
1255 859 1309 923 die
1325 860 1393 923 irae

507 956 707 1034 condonata,
1009 975 1076 1018 non
1093 955 1269 1037 permittas
1286 977 1347 1020 nos
1363 957 1479 1040 perire,

507 1061 540 1116 et
556 1061 666 1115 reatus
1137 1052 1195 1114 sed
1212 1051 1379 1116 defunctis

506 1147 549 1210 sit
566 1147 745 1210 mundatus
1139 1147 1171 1210 in
1189 1147 1239 1211 Te
1254 1149 1384 1212 cunctis

419 1243 503 1321 Tua,
519 1241 660 1320 Christe,
675 1242 784 1325 gratia
797 1264 805 1322 ;
1048 1243 1107 1306 des
1123 1253 1259 1308 aeterna
1274 1245 1406 1327 gaudia.

508 1339 558 1403 Ut
574 1340 732 1422 antiquus
1010 1338 1124 1403 Sancti
1143 1339 1216 1417 Dei,
1232 1340 1415 1418 subvenite,

510 1435 663 1498 inimicus
1008 1435 1101 1517 regni
1118 1444 1233 1518 portas
1249 1437 1385 1517 aperite,

508 1531 732 1596 confundatur
1138 1539 1175 1594 ut
1191 1531 1353 1594 intremus

508 1636 541 1690 et
556 1627 716 1703 vincatur,
1140 1634 1174 1689 et
1191 1645 1368 1708 regnemus

422 1724 502 1786 data
517 1723 581 1785 reis
597 1721 701 1786 venia.
1051 1721 1223 1786 vobiscum
1240 1722 1273 1785 in
1290 1721 1405 1804 gloria.

371 1930 422 1980 nb
452 1925 600 1980 tormentis
612 1943 694 1981 eruas
707 1925 858 1980 Abrincen.
885 1927 978 1980 Toute
1000 1936 1074 1981 cette
1097 1927 1185 1981 Prose
1205 1927 1283 1981 dtant
1303 1925 1474 1981 rimdeavec
1488 1927 1515 1982 ie
1530 1927 1593 1998 plus

335 2007 425 2076 grand
437 2007 509 2076 soin,
522 2023 594 2062 nous
607 2024 729 2077 croyons
742 2023 798 2079 que
810 2009 836 2062 le
849 2017 908 2062 mot
920 2009 1030 2060 m'mas
1051 2008 1192 2077 s’impose‚
1214 2019 1242 2062 et
1262 2024 1335 2062 nous
1353 2009 1380 2062 le
1397 2007 1590 2063 rdtablissons.

371 2103 385 2156 7
399 2107 419 2144 a
451 2088 565 2144 Miseris
578 2097 608 2142 tu
621 2088 780 2156 Abn‘ncen.,
792 2087 842 2142 fait
856 2105 893 2141 un
907 2104 970 2142 vers
983 2087 1055 2142 saure

370 2249 499 2304 L'auteur
510 2249 546 2303 de
559 2257 633 2304 cette
645 2249 731 2302 Prose
744 2249 852 2303 semble
865 2247 944 2302 avoir
957 2265 990 2302 eu
1005 2265 1072 2303 sous
1082 2249 1123 2304 les
1134 2263 1206 2318 yeux
1216 2245 1332 2318 lapidee
1344 2262 1401 2317 que
1411 2263 1482 2300 nous
1501 2261 1591 2300 avons

333 2328 453 2400 publicio,
463 2335 495 2382 n⁰
503 2329 539 2395 48
551 2345 557 2382 :
570 2328 773 2398 Deprrffundis
782 2329 935 2382 clamantes
942 2329 1093 2399 gemimus.

551 2634 632 2704 218.
666 2631 740 2704 DE
770 2631 995 2705 SANCTA
1027 2629 1388 2704 KATHERINA.

642 2880 653 2926 1
1269 2877 1287 2922 2

506 2985 735 3069 Triumphalis
1008 2983 1273 3066 Quinquagenos
1289 2991 1437 3047 oratores

507 3081 538 3147 O
555 3083 679 3164 regina,
1009 3089 1043 3142 et
1059 3079 1229 3142 convincis
1245 3089 1278 3143 et
1294 3099 1420 3142 errores

506 3176 567 3240 flos
585 3175 714 3259 regalis,
1008 3178 1127 3241 horum
1144 3176 1285 3254 solvens,
1300 3185 1549 3259 contemptores

507 3271 703 3348 Katherina,
1051 3273 1216 3336 idolorum
1233 3271 1346 3337 efficis.

505 3365 657 3451 specialis
1137 3368 1191 3432 Tu
1207 3377 1364 3446 rotarum,

507 3462 673 3526 medicina
1138 3463 1247 3546 Virgo
1263 3463 1378 3542 fidens,

419 3562 464 3624 sis
480 3579 655 3643 aegrorum
672 3560 822 3622 omnium
837 3583 844 3638 ;
1135 3571 1320 3626 erectarum

364 3655 474 3741 ,Quae
489 3667 670 3739 tyrannum
686 3654 877 3732 confudisti,
1140 3669 1289 3722 monstra
1303 3659 1430 3738 videns,

379 3773 463 3836 quae
479 3750 608 3816 confusi
624 3752 817 3814 convertisti
1138 3755 1239 3819 robur
1253 3753 1372 3817 harum

380 3858 518 3932 nuptam
535 3866 621 3930 quae
637 3866 698 3928 pro
714 3845 780 3910 fide
796 3846 921 3912 Christi
1139 3859 1175 3914 at
1190 3849 1332 3914 allidens

421 3943 556 4027 pertulit
573 3943 779 4024 martyrium.
1053 3947 1156 4010 diruis
1173 3955 1206 4010 et
1221 3945 1345 4010 deiicis.

968 4095 985 4158 3

707 4195 771 4258 Pro
787 4195 917 4260 devotis
933 4207 1012 4262 vota
1028 4197 1151 4274 fundis,

706 4312 766 4373 pro
782 4312 898 4355 cruore
913 4291 965 4356 lac
980 4291 1135 4370 effundis

707 4393 740 4448 te
757 4387 790 4448 in
809 4385 891 4451 Sina
906 4388 949 4450 de
965 4387 1139 4470 profundis

751 4503 870 4546 manus
885 4485 949 4550 fert
965 4486 1125 4568 angelica.

708 4579 870 4642 Membris
887 4600 1027 4644 manans
1044 4581 1152 4663 liquor
1167 4579 1276 4657 datur,

707 4694 806 4756 aeger
823 4685 943 4738 unctus
959 4697 1026 4758 quo
1043 4675 1213 4758 salvatur;

709 4780 817 4850 perte
834 4771 930 4834 nobis
947 4771 1107 4854 largiatur

752 4869 866 4932 unctio
883 4869 1108 4934 Pneumatica

377 5049 429 5106 ak
459 5047 512 5102 has
525 5047 645 5113 allidens
658 5047 809 5113 Abn'ncen.
