4102 5790
549 501 692 589 exosas
720 539 924 590 EchEslnE
952 541 1311 594 HALBERSTATENSIS
1509 549 1577 620 113

483 732 539 807 75.
572 713 648 787 DE
679 715 1080 791 COMPASSIONE
1114 719 1155 794 B.
1180 719 1414 796 MARlAE.

349 928 372 974 r.
396 909 582 992 Compassa
600 909 687 973 Filio
705 911 816 975 Mater
834 913 943 976 Maria
960 924 1139 978 veneratur
1154 915 1264 995 hodie,
1276 919 1431 999 quamvis
1448 939 1581 1003 semper

449 1007 493 1069 sit
508 1007 612 1088 digna
628 1007 782 1070 laudibus
798 1029 805 1086 ;

345 1160 372 1208 2.
396 1143 491 1206 Haec
507 1143 616 1225 Virgo
632 1144 704 1206 sine
721 1145 862 1222 macula,
886 1166 947 1209 nec
964 1148 996 1209 in
1015 1149 1126 1211 radice
1150 1148 1283 1228 iniecta,
1299 1152 1439 1215 crimine
1455 1153 1579 1217 actuali

451 1260 561 1323 neque
577 1239 721 1318 foedata,

345 1353 371 1416 3.
395 1335 548 1400 Genuisti
560 1337 631 1398 sine
643 1357 705 1400 vae
716 1338 805 1420 quod
819 1339 977 1402 nuntians
990 1341 1245 1424 paranymphus
1258 1342 1410 1408 Gabriel:
1426 1349 1442 1377 «ι
1455 1345 1581 1410 Tecum

452 1431 630 1510 Dominus,
646 1431 747 1514 plena
762 1434 880 1514 gratia.
891 1432 908 1460 ”
1288 1455 1292 1466 ·

343 1591 371 1651 4.
396 1572 604 1655 Fungebaris
631 1573 794 1655 obsequio
821 1573 953 1656 placide
979 1596 1055 1639 cum
1083 1579 1243 1660 peperisti
1273 1580 1452 1663 angelico;
1483 1603 1584 1665 quem

451 1669 598 1752 genuisti
616 1669 721 1732 Filius
737 1670 798 1732 tibi
815 1671 985 1752 applausit
1002 1673 1095 1736 vultu
1112 1674 1248 1754 hilaris;

347 1780 372 1845 5.
397 1765 577 1849 Symeonis
593 1766 781 1847 praesagi0,
808 1767 909 1830 hodie
925 1770 1045 1831 orbata
1063 1769 1175 1833 Mater
1191 1771 1323 1848 solati0‚
1340 1793 1416 1836 cum
1435 1773 1587 1838 dulcissi-

454 1882 543 1924 mam
561 1862 695 1944 gladius
712 1873 805 1925 tuam
823 1867 1039 1945 pertransivit
1055 1867 1215 1930 animam.

345 2004 374 2066 6.
397 2001 509 2085 Quam
529 2004 639 2066 Mater
655 2004 759 2066 anxia
776 2006 899 2068 stetisti
924 2007 1061 2089 quando
1084 2007 1276 2090 passionem
1302 2011 1492 2074 innocentis
1509 2010 1585 2074 Filii

451 2101 659 2182 conspexisti
678 2100 795 2182 inclyti
813 2101 911 2165 Cruci
929 2103 1042 2166 affixi!

346 2211 373 2278 7.
397 2195 464 2261 Cor
477 2195 597 2260 Matris
614 2196 731 2259 lancea
743 2195 828 2259 Filio
839 2206 972 2260 mortuo
986 2199 1165 2278 transfixit,
1176 2201 1368 2282 passionem
1384 2201 1488 2264 Filius
1502 2203 1582 2266 dum

452 2292 602 2374 gustavit
619 2313 767 2375 corpore,
781 2293 893 2356 Mater
909 2295 1023 2358 anima
1041 2317 1048 2372 ;

346 2434 372 2494 8.
397 2431 579 2515 Nunquam
596 2433 702 2495 sensit
714 2433 834 2515 aliquis
852 2442 979 2515 martyr
995 2445 1031 2498 ut
1049 2435 1160 2498 Mater
1180 2437 1327 2512 Domini,
1343 2445 1481 2520 propter
1493 2436 1584 2519 quod

452 2532 641 2615 plusquam
660 2542 787 2614 martyr
803 2531 906 2593 anxie
922 2531 1081 2593 sustinuit
1099 2533 1216 2612 Mater·
1227 2534 1261 2597 id
1275 2533 1364 2615 quod
1377 2552 1456 2596 suus
1471 2532 1585 2596 Filius.

347 2649 375 2710 9.
401 2631 536 2714 Oquam
549 2632 657 2694 tristis
671 2642 703 2694 et
716 2631 839 2714 afflicta
843 2630 921 2710 suit
935 2630 993 2693 illa
1009 2631 1197 2694 benedicta!
1213 2629 1386 2693 moerebat
1399 2639 1433 2692 et
1446 2629 1584 2692 dolebat

455 2729 566 2792 Mater
584 2729 761 2810 Unigeniti
778 2748 785 2805 ;
802 2728 990 2809 perpendat
1006 2726 1070 2790 hoc
1083 2727 1221 2810 quaevis
1237 2726 1395 2808 genitrix.

331 2886 375 2932 10.
398 2868 491 2932 Audi
519 2889 590 2944 nos,
616 2877 711 2932 tuum
740 2866 837 2930 nobis
863 2865 959 2948 placa
988 2866 1121 2944 Filium,
1147 2867 1178 2932 O
1205 2867 1335 2942 Maria;
1358 2865 1463 2928 nostri
1480 2883 1582 2928 causa

454 2983 572 3046 passus
589 2973 648 3041 est,
666 2985 707 3026 ne
724 2964 797 3046 quis
815 2972 929 3045 pereat
946 2962 1123 3026 frustratus
1141 2973 1248 3026 morte
1265 2983 1333 3024 sua.

331 3077 376 3125 11.
401 3059 502 3125 Salva
529 3081 598 3136 nos,
622 3080 769 3142 namque
786 3059 876 3141 aegri
893 3082 900 3122 :
917 3058 1031 3123 conier
1048 3059 1225 3135 medelam,
1244 3059 1319 3122 lesu
1337 3059 1434 3136 bone,
1454 3057 1506 3121 Tu
1522 3077 1580 3120 no·

453 3157 530 3220 visti
547 3156 671 3233 omnia,
686 3156 762 3220 Tuo
780 3155 953 3238 Sanguine
970 3177 1049 3219 cura
1066 3155 1188 3219 mentis
1201 3155 1347 3220 vulnera.

330 3309 373 3356 12.
399 3294 462 3357 Eia
476 3296 586 3359 Mater
599 3296 836 3379 nobilis,quam
848 3296 1082 3360 vehementem
1097 3295 1249 3360 dolorem
1260 3305 1456 3377 gustaveras
1467 3303 1580 3358 tamen

362 3411 367 3420 ·
455 3389 544 3453 hunc
560 3401 619 3455 tua
635 3391 701 3455 fide
717 3391 929 3474 temperansl

332 3501 377 3565 13.
402 3485 477 3548 Filii
494 3488 689 3568 mysterium
707 3488 873 3570 passionis
889 3487 950 3551 tibi
968 3507 1140 3570 nunquam
1158 3488 1266 3566 latuit,
1290 3507 1368 3550 nam
1394 3487 1425 3549 in
1455 3496 1489 3550 te
1514 3486 1585 3549 sola

457 3581 540 3646 fides
556 3584 675 3665 patuit.

331 3739 375 3800 14
400 3720 490 3784 Laus
508 3721 597 3784 Patri
614 3721 741 3803 gloriae
758 3722 814 3805 qui
833 3721 903 3787 Suo
922 3721 1008 3785 Filio
1025 3742 1092 3784 non
1109 3721 1268 3804 pepercit,
1291 3723 1349 3786 sed
1367 3720 1507 3784 tradidit
1525 3741 1586 3802 pro

455 3818 606 3881 omnium
625 3827 777 3882 nostrum
794 3817 992 3880 criminibus
1008 3839 1015 3895 ;

331 3934 375 4000 15.
399 3920 490 3984 Laus
507 3919 589 3982 Eius
618 3919 704 3982 Filio
731 3919 788 4002 qui
818 3918 890 3984 Suo
910 3918 1084 4001 Sanguine
1110 3935 1170 3980 nos
1192 3915 1283 3978 Patri
1309 3912 1468 3978 conciliat
1482 3933 1490 3991 ;
1511 3911 1586 3975 laus

455 4016 499 4080 sit
515 4035 649 4099 quoque
667 4015 795 4081 Sancto
812 4015 952 4097 Spiritui
967 4036 974 4092 ;

334 4151 378 4216 16.
402 4151 493 4216 Laus
509 4173 644 4236 quoque
662 4154 764 4217 Matri
782 4173 868 4236 quae
884 4151 1043 4216 condolet
1060 4150 1239 4218 Crucifixo.

370 4397 379 4436 1
402 4383 441 4438 Le
456 4383 556 4438 Missel
570 4384 606 4438 de
621 4384 808 4439 Halberstadt
822 4401 913 4454 coupe
925 4385 953 4439 la
966 4383 1105 4454 premiere
1116 4383 1244 4438 clausule
1257 4381 1341 4452 apres
1354 4383 1516 4434 veneratur.

367 4477 381 4516 2
402 4465 464 4518 Nec
477 4463 557 4533 virgo
579 4464 789 4519 Halberstaten.
808 4477 871 4533 1511
888 4483 894 4528 ;
918 4465 945 4518 la
958 4464 1097 4533 premiere
1106 4463 1214 4518 edition
1229 4473 1309 4533 porte
1330 4479 1359 4516 ec
1371 4461 1463 4528 vergo.

371 4555 413 4612 5·9
433 4545 472 4598 Le
486 4544 620 4598 souvenir
637 4543 688 4598 des
707 4547 838 4615 strophes
864 4545 902 4598 du
925 4545 1029 4598 Stabat
1050 4545 1150 4598 Mater
1167 4544 1299 4598 dolorosa
1321 4551 1364 4596 est
1386 4539 1502 4594 evident
1523 4556 1590 4594 sous

334 4629 423 4677 toutes
437 4639 485 4678 ces
496 4623 644 4676 clausules.
672 4624 712 4677 Le
723 4625 810 4680 debut
822 4625 859 4679 de
872 4625 900 4678 la
913 4625 1039 4679 clausule
1052 4640 1069 4692 9
1082 4635 1125 4679 est
1138 4624 1251 4679 textuel.

363 4716 371 4753 ι
379 4715 390 4770 5
411 4701 568 4757 concilians
582 4701 793 4760 Halberstatcn.
822 4706 860 4760 Le
873 4705 959 4760 verbe
972 4715 1015 4758 est
1029 4703 1189 4759 neeessaire
1203 4724 1209 4770 ;
1222 4720 1294 4757 nous
1314 4703 1340 4757 le
1359 4701 1544 4757 retablissons
1557 4717 1593 4754 au

341 4779 394 4834 lieu
407 4782 444 4836 du
455 4779 602 4852 participe.
