<?xml version="1.0" encoding="UTF-8"?>
<!DOCTYPE html PUBLIC "-//W3C//DTD XHTML 1.0 Transitional//EN"
    "http://www.w3.org/TR/xhtml1/DTD/xhtml1-transitional.dtd">
<html xmlns="http://www.w3.org/1999/xhtml" xml:lang="en" lang="en">
 <head>
  <title>
</title>
<meta http-equiv="Content-Type" content="text/html;charset=utf-8" />
  <meta name='ocr-system' content='tesseract 3.04.00' />
  <meta name='ocr-capabilities' content='ocr_page ocr_carea ocr_par ocr_line ocrx_word'/>
</head>
<body>
  <div class='ocr_page' id='page_1' title='image "./analectaliturgi00wealgoog/analectaliturgi00wealgoog_0371.png"; bbox 0 0 4116 5784; ppageno 0'>
   <div class='ocr_carea' id='block_1_1' title="bbox 477 499 1473 584">
    <p class='ocr_par' dir='ltr' id='par_1_1' title="bbox 477 499 1473 584">
     <span class='ocr_line' id='line_1_1' title="bbox 477 499 1473 584; baseline -0.006 -18"><span class='ocrx_word' id='word_1_1' title='bbox 477 499 548 584; x_wconf 78' lang='lat'>364</span> <span class='ocrx_word' id='word_1_2' title='bbox 729 511 870 562; x_wconf 83' lang='lat' dir='ltr'>PROSAE</span> <span class='ocrx_word' id='word_1_3' title='bbox 900 513 1103 564; x_wconf 80' lang='lat' dir='ltr'><strong>ECCLESIAE</strong></span> <span class='ocrx_word' id='word_1_4' title='bbox 1132 512 1269 565; x_wconf 83' lang='lat' dir='ltr'>SANCTI</span> <span class='ocrx_word' id='word_1_5' title='bbox 1299 509 1473 560; x_wconf 77' lang='lat' dir='ltr'>DlONl&#39;Sll</span> 
     </span>
    </p>
   </div>
   <div class='ocr_carea' id='block_1_2' title="bbox 781 705 1432 769">
    <p class='ocr_par' dir='ltr' id='par_1_2' title="bbox 781 705 1432 769">
     <span class='ocr_line' id='line_1_2' title="bbox 781 705 1432 769; baseline -0.005 0"><span class='ocrx_word' id='word_1_6' title='bbox 781 707 799 769; x_wconf 86' lang='lat'>3</span> <span class='ocrx_word' id='word_1_7' title='bbox 1410 705 1432 766; x_wconf 84' lang='lat'>4</span> 
     </span>
    </p>
   </div>
   <div class='ocr_carea' id='block_1_3' title="bbox 521 815 1693 1554">
    <p class='ocr_par' dir='ltr' id='par_1_3' title="bbox 521 815 1583 1073">
     <span class='ocr_line' id='line_1_3' title="bbox 521 815 1583 898; baseline -0.005 -13"><span class='ocrx_word' id='word_1_8' title='bbox 521 819 552 885; x_wconf 97' lang='lat' dir='ltr'>O</span> <span class='ocrx_word' id='word_1_9' title='bbox 568 838 644 882; x_wconf 89' lang='lat' dir='ltr'>vere</span> <span class='ocrx_word' id='word_1_10' title='bbox 661 837 748 881; x_wconf 89' lang='lat' dir='ltr'>nova</span> <span class='ocrx_word' id='word_1_11' title='bbox 764 818 903 894; x_wconf 91' lang='lat' dir='ltr'>novitas,</span> <span class='ocrx_word' id='word_1_12' title='bbox 1152 818 1214 881; x_wconf 92' lang='lat' dir='ltr'>Per</span> <span class='ocrx_word' id='word_1_13' title='bbox 1229 815 1434 898; x_wconf 84' lang='lat' dir='ltr'>singularem</span> <span class='ocrx_word' id='word_1_14' title='bbox 1452 815 1583 894; x_wconf 89' lang='lat' dir='ltr'>Filium,</span> 
     </span>
     <span class='ocr_line' id='line_1_4' title="bbox 521 909 1505 994; baseline -0.003 -16"><span class='ocrx_word' id='word_1_15' title='bbox 521 913 691 978; x_wconf 87' lang='lat' dir='ltr'>humilitas</span> <span class='ocrx_word' id='word_1_16' title='bbox 707 921 740 976; x_wconf 91' lang='lat' dir='ltr'>et</span> <span class='ocrx_word' id='word_1_17' title='bbox 755 912 913 994; x_wconf 87' lang='lat' dir='ltr'>dignitas,</span> <span class='ocrx_word' id='word_1_18' title='bbox 1151 911 1182 979; x_wconf 95' lang='lat' dir='ltr'>O</span> <span class='ocrx_word' id='word_1_19' title='bbox 1199 911 1368 994; x_wconf 88' lang='lat' dir='ltr'>singulare</span> <span class='ocrx_word' id='word_1_20' title='bbox 1389 909 1505 988; x_wconf 90' lang='lat' dir='ltr'>lilium,</span> 
     </span>
     <span class='ocr_line' id='line_1_5' title="bbox 521 1005 1456 1073; baseline -0.003 0"><span class='ocrx_word' id='word_1_21' title='bbox 521 1009 708 1073; x_wconf 82' lang='lat' dir='ltr'>fecunditas</span> <span class='ocrx_word' id='word_1_22' title='bbox 725 1016 758 1071; x_wconf 89' lang='lat' dir='ltr'>et</span> <span class='ocrx_word' id='word_1_23' title='bbox 775 1009 913 1072; x_wconf 90' lang='lat' dir='ltr'>castitas</span> <span class='ocrx_word' id='word_1_24' title='bbox 1152 1007 1248 1071; x_wconf 90' lang='lat' dir='ltr'>eiecti</span> <span class='ocrx_word' id='word_1_25' title='bbox 1266 1007 1298 1069; x_wconf 93' lang='lat' dir='ltr'>in</span> <span class='ocrx_word' id='word_1_26' title='bbox 1317 1005 1456 1070; x_wconf 91' lang='lat' dir='ltr'>exilium</span> 
     </span>
    </p>

    <p class='ocr_par' dir='ltr' id='par_1_4' title="bbox 523 1101 1693 1474">
     <span class='ocr_line' id='line_1_6' title="bbox 565 1101 1693 1185; baseline 0 -19"><span class='ocrx_word' id='word_1_27' title='bbox 565 1103 663 1167; x_wconf 94' lang='lat' dir='ltr'>simul</span> <span class='ocrx_word' id='word_1_28' title='bbox 681 1103 799 1167; x_wconf 88' lang='lat' dir='ltr'>florent</span> <span class='ocrx_word' id='word_1_29' title='bbox 816 1104 848 1166; x_wconf 94' lang='lat' dir='ltr'>in</span> <span class='ocrx_word' id='word_1_30' title='bbox 866 1104 1014 1185; x_wconf 82' lang='lat' dir='ltr'>Virgine.</span> <span class='ocrx_word' id='word_1_31' title='bbox 1197 1101 1324 1166; x_wconf 91' lang='lat' dir='ltr'>reducti</span> <span class='ocrx_word' id='word_1_32' title='bbox 1342 1102 1481 1166; x_wconf 92' lang='lat' dir='ltr'>suntad</span> <span class='ocrx_word' id='word_1_33' title='bbox 1499 1103 1652 1184; x_wconf 91' lang='lat' dir='ltr'>patriam.</span> <span class='ocrx_word' id='word_1_34' title='bbox 1689 1169 1693 1174; x_wconf 76' lang='grc'>,</span> 
     </span>
     <span class='ocr_line' id='line_1_7' title="bbox 523 1199 1605 1279; baseline -0.004 -13"><span class='ocrx_word' id='word_1_35' title='bbox 523 1199 553 1266; x_wconf 95' lang='lat' dir='ltr'>O</span> <span class='ocrx_word' id='word_1_36' title='bbox 571 1221 702 1264; x_wconf 90' lang='lat' dir='ltr'>summe</span> <span class='ocrx_word' id='word_1_37' title='bbox 716 1200 817 1264; x_wconf 90' lang='lat' dir='ltr'>chara</span> <span class='ocrx_word' id='word_1_38' title='bbox 833 1199 986 1279; x_wconf 86' lang='lat' dir='ltr'>charitas,</span> <span class='ocrx_word' id='word_1_39' title='bbox 1155 1200 1207 1264; x_wconf 90' lang='lat' dir='ltr'>Tu</span> <span class='ocrx_word' id='word_1_40' title='bbox 1225 1221 1260 1264; x_wconf 93' lang='lat' dir='ltr'>es</span> <span class='ocrx_word' id='word_1_41' title='bbox 1277 1200 1428 1264; x_wconf 92' lang='lat' dir='ltr'>solamen</span> <span class='ocrx_word' id='word_1_42' title='bbox 1445 1199 1605 1276; x_wconf 91' lang='lat' dir='ltr'>cordium,</span> 
     </span>
     <span class='ocr_line' id='line_1_8' title="bbox 525 1294 1605 1378; baseline -0.003 -17"><span class='ocrx_word' id='word_1_43' title='bbox 525 1297 715 1378; x_wconf 85' lang='lat' dir='ltr'>benignitas</span> <span class='ocrx_word' id='word_1_44' title='bbox 732 1305 765 1360; x_wconf 89' lang='lat' dir='ltr'>et</span> <span class='ocrx_word' id='word_1_45' title='bbox 781 1296 916 1375; x_wconf 89' lang='lat' dir='ltr'>veritas,</span> <span class='ocrx_word' id='word_1_46' title='bbox 1024 1315 1025 1320; x_wconf 50' lang='lat'>¹</span> <span class='ocrx_word' id='word_1_47' title='bbox 1154 1304 1287 1359; x_wconf 90' lang='lat' dir='ltr'>nostrae</span> <span class='ocrx_word' id='word_1_48' title='bbox 1304 1294 1399 1377; x_wconf 86' lang='lat' dir='ltr'>pacis</span> <span class='ocrx_word' id='word_1_49' title='bbox 1417 1295 1605 1373; x_wconf 88' lang='lat' dir='ltr'>exordium,</span> 
     </span>
     <span class='ocr_line' id='line_1_9' title="bbox 524 1391 1686 1474; baseline -0.002 -18"><span class='ocrx_word' id='word_1_50' title='bbox 524 1392 715 1456; x_wconf 90' lang='lat' dir='ltr'>humanitas</span> <span class='ocrx_word' id='word_1_51' title='bbox 732 1403 764 1456; x_wconf 92' lang='lat' dir='ltr'>et</span> <span class='ocrx_word' id='word_1_52' title='bbox 782 1393 899 1456; x_wconf 91' lang='lat' dir='ltr'>Deitas</span> <span class='ocrx_word' id='word_1_53' title='bbox 1155 1392 1282 1456; x_wconf 91' lang='lat' dir='ltr'>mundo</span> <span class='ocrx_word' id='word_1_54' title='bbox 1299 1399 1474 1474; x_wconf 89' lang='lat' dir='ltr'>praestans</span> <span class='ocrx_word' id='word_1_55' title='bbox 1491 1391 1686 1469; x_wconf 90' lang='lat' dir='ltr'>subsidium,</span> 
     </span>
    </p>

    <p class='ocr_par' dir='ltr' id='par_1_5' title="bbox 570 1487 1579 1554">
     <span class='ocr_line' id='line_1_10' title="bbox 570 1487 1579 1554; baseline 0 -1"><span class='ocrx_word' id='word_1_56' title='bbox 570 1499 707 1554; x_wconf 88' lang='lat' dir='ltr'>manent</span> <span class='ocrx_word' id='word_1_57' title='bbox 727 1489 759 1552; x_wconf 94' lang='lat' dir='ltr'>in</span> <span class='ocrx_word' id='word_1_58' title='bbox 779 1490 853 1552; x_wconf 91' lang='lat' dir='ltr'>Deo</span> <span class='ocrx_word' id='word_1_59' title='bbox 869 1489 1013 1554; x_wconf 91' lang='lat' dir='ltr'>homine.</span> <span class='ocrx_word' id='word_1_60' title='bbox 1198 1488 1340 1552; x_wconf 86' lang='lat' dir='ltr'>salutem</span> <span class='ocrx_word' id='word_1_61' title='bbox 1358 1497 1390 1552; x_wconf 92' lang='lat' dir='ltr'>et</span> <span class='ocrx_word' id='word_1_62' title='bbox 1408 1487 1579 1553; x_wconf 87' lang='lat' dir='ltr'>laetitiam.</span> 
     </span>
    </p>
   </div>
   <div class='ocr_carea' id='block_1_4' title="bbox 852 1714 1445 2470">
    <p class='ocr_par' dir='ltr' id='par_1_6' title="bbox 852 1714 1225 1798">
     <span class='ocr_line' id='line_1_11' title="bbox 852 1714 1225 1798; baseline -0.003 -20"><span class='ocrx_word' id='word_1_63' title='bbox 852 1714 936 1791; x_wconf 87' lang='lat' dir='ltr'>Ave,</span> <span class='ocrx_word' id='word_1_64' title='bbox 952 1715 1034 1778; x_wconf 89' lang='lat' dir='ltr'>lelix</span> <span class='ocrx_word' id='word_1_65' title='bbox 1052 1735 1225 1798; x_wconf 88' lang='lat' dir='ltr'>puerpera,</span> 
     </span>
    </p>

    <p class='ocr_par' dir='ltr' id='par_1_7' title="bbox 855 1811 1180 1888">
     <span class='ocr_line' id='line_1_12' title="bbox 855 1811 1180 1888; baseline 0 -14"><span class='ocrx_word' id='word_1_66' title='bbox 855 1811 955 1874; x_wconf 90' lang='lat' dir='ltr'>beata</span> <span class='ocrx_word' id='word_1_67' title='bbox 972 1819 1030 1874; x_wconf 88' lang='lat' dir='ltr'>tua</span> <span class='ocrx_word' id='word_1_68' title='bbox 1045 1811 1180 1888; x_wconf 87' lang='lat' dir='ltr'>viscera,</span> 
     </span>
    </p>

    <p class='ocr_par' dir='ltr' id='par_1_8' title="bbox 854 1907 1419 2085">
     <span class='ocr_line' id='line_1_13' title="bbox 854 1907 1212 1972; baseline 0.006 -2"><span class='ocrx_word' id='word_1_69' title='bbox 854 1908 953 1970; x_wconf 91' lang='lat' dir='ltr'>beata</span> <span class='ocrx_word' id='word_1_70' title='bbox 966 1915 1044 1971; x_wconf 93' lang='lat' dir='ltr'>sunt</span> <span class='ocrx_word' id='word_1_71' title='bbox 1060 1917 1093 1970; x_wconf 91' lang='lat' dir='ltr'>et</span> <span class='ocrx_word' id='word_1_72' title='bbox 1110 1907 1212 1972; x_wconf 91' lang='lat' dir='ltr'>ubera</span> 
     </span>
     <span class='ocr_line' id='line_1_14' title="bbox 898 2001 1419 2085; baseline 0 -19"><span class='ocrx_word' id='word_1_73' title='bbox 898 2023 982 2085; x_wconf 90' lang='lat' dir='ltr'>quae</span> <span class='ocrx_word' id='word_1_74' title='bbox 999 2001 1207 2068; x_wconf 88' lang='lat' dir='ltr'>lactaverunt</span> <span class='ocrx_word' id='word_1_75' title='bbox 1225 2004 1419 2068; x_wconf 92' lang='lat' dir='ltr'>Dominum.</span> 
     </span>
    </p>

    <p class='ocr_par' dir='ltr' id='par_1_9' title="bbox 858 2099 1254 2182">
     <span class='ocr_line' id='line_1_15' title="bbox 858 2099 1254 2182; baseline 0.005 -20"><span class='ocrx_word' id='word_1_76' title='bbox 858 2099 1003 2162; x_wconf 86' lang='lat' dir='ltr'>Excelsa</span> <span class='ocrx_word' id='word_1_77' title='bbox 1019 2119 1119 2182; x_wconf 90' lang='lat' dir='ltr'>supra</span> <span class='ocrx_word' id='word_1_78' title='bbox 1135 2100 1254 2178; x_wconf 90' lang='lat' dir='ltr'>sidera,</span> 
     </span>
    </p>

    <p class='ocr_par' dir='ltr' id='par_1_10' title="bbox 857 2195 1329 2260">
     <span class='ocr_line' id='line_1_16' title="bbox 857 2195 1329 2260; baseline 0 0"><span class='ocrx_word' id='word_1_79' title='bbox 857 2195 991 2260; x_wconf 92' lang='lat' dir='ltr'>morbos</span> <span class='ocrx_word' id='word_1_80' title='bbox 1008 2205 1139 2260; x_wconf 91' lang='lat' dir='ltr'>nostros</span> <span class='ocrx_word' id='word_1_81' title='bbox 1155 2197 1329 2260; x_wconf 89' lang='lat' dir='ltr'>considera</span> 
     </span>
    </p>

    <p class='ocr_par' dir='ltr' id='par_1_11' title="bbox 856 2300 1445 2470">
     <span class='ocr_line' id='line_1_17' title="bbox 856 2300 1268 2374; baseline 0.002 -20"><span class='ocrx_word' id='word_1_82' title='bbox 856 2300 889 2354; x_wconf 90' lang='lat' dir='ltr'>et</span> <span class='ocrx_word' id='word_1_83' title='bbox 905 2310 1025 2355; x_wconf 90' lang='lat' dir='ltr'>sanare</span> <span class='ocrx_word' id='word_1_84' title='bbox 1041 2311 1100 2355; x_wconf 94' lang='lat' dir='ltr'>nos</span> <span class='ocrx_word' id='word_1_85' title='bbox 1118 2311 1268 2374; x_wconf 84' lang='lat' dir='ltr'>propera,</span> 
     </span>
     <span class='ocr_line' id='line_1_18' title="bbox 899 2387 1445 2470; baseline 0 -20"><span class='ocrx_word' id='word_1_86' title='bbox 899 2387 1086 2470; x_wconf 89' lang='lat' dir='ltr'>praedulcis</span> <span class='ocrx_word' id='word_1_87' title='bbox 1104 2387 1212 2470; x_wconf 87' lang='lat' dir='ltr'>Virgo</span> <span class='ocrx_word' id='word_1_88' title='bbox 1228 2388 1404 2469; x_wconf 90' lang='lat' dir='ltr'>virginum.</span> <span class='ocrx_word' id='word_1_89' title='bbox 1440 2399 1445 2408; x_wconf 91' lang='lat'>&#39;</span> 
     </span>
    </p>
   </div>
   <div class='ocr_carea' id='block_1_5' title="bbox 490 2556 1748 2720">
    <p class='ocr_par' dir='ltr' id='par_1_12' title="bbox 490 2556 1748 2720">
     <span class='ocr_line' id='line_1_19' title="bbox 508 2556 1748 2708; baseline 0.001 -80"><span class='ocrx_word' id='word_1_90' title='bbox 508 2581 720 2708; x_wconf 35' lang='lat' dir='ltr'>&#39;Mabnpscarpn</span> <span class='ocrx_word' id='word_1_91' title='bbox 744 2575 856 2628; x_wconf 80' lang='lat' dir='ltr'>Pnuts:</span> <span class='ocrx_word' id='word_1_92' title='bbox 878 2575 951 2628; x_wconf 88' lang='lat' dir='ltr'>Bibl.</span> <span class='ocrx_word' id='word_1_93' title='bbox 973 2576 1141 2644; x_wconf 86' lang='lat' dir='ltr'>Nat.,1107‚</span> <span class='ocrx_word' id='word_1_94' title='bbox 1164 2576 1264 2633; x_wconf 84' lang='lat' dir='ltr'>Missel</span> <span class='ocrx_word' id='word_1_95' title='bbox 1287 2577 1323 2631; x_wconf 90' lang='lat' dir='ltr'>de</span> <span class='ocrx_word' id='word_1_96' title='bbox 1343 2556 1530 2646; x_wconf 80' lang='lat' dir='ltr'>l¹abbayede</span> <span class='ocrx_word' id='word_1_97' title='bbox 1554 2576 1748 2645; x_wconf 78' lang='lat' dir='ltr'>saint-Denys</span> 
     </span>
     <span class='ocr_line' id='line_1_20' title="bbox 490 2662 705 2720; baseline 0 -12"><span class='ocrx_word' id='word_1_98' title='bbox 490 2662 577 2708; x_wconf 62' lang='lat' dir='ltr'>xrvesr</span> <span class='ocrx_word' id='word_1_99' title='bbox 597 2671 648 2720; x_wconf 86' lang='lat' dir='ltr'>ce,</span> <span class='ocrx_word' id='word_1_100' title='bbox 699 2695 705 2708; x_wconf 94' lang='lat'><strong>.</strong></span> 
     </span>
    </p>
   </div>
   <div class='ocr_carea' id='block_1_6' title="bbox 491 2783 1748 3016">
    <p class='ocr_par' dir='ltr' id='par_1_13' title="bbox 491 2783 1748 3016">
     <span class='ocr_line' id='line_1_21' title="bbox 526 2783 1748 2857; baseline -0.002 -16"><span class='ocrx_word' id='word_1_101' title='bbox 526 2789 593 2841; x_wconf 88' lang='lat' dir='ltr'>Une</span> <span class='ocrx_word' id='word_1_102' title='bbox 605 2785 681 2840; x_wconf 92' lang='lat' dir='ltr'>main</span> <span class='ocrx_word' id='word_1_103' title='bbox 699 2785 736 2839; x_wconf 91' lang='lat' dir='ltr'>du</span> <span class='ocrx_word' id='word_1_104' title='bbox 747 2783 899 2839; x_wconf 69' lang='lat' dir='ltr'>xiii‘siicle</span> <span class='ocrx_word' id='word_1_105' title='bbox 921 2803 938 2838; x_wconf 88' lang='lat' dir='ltr'>a</span> <span class='ocrx_word' id='word_1_106' title='bbox 951 2785 1019 2840; x_wconf 68' lang='lat' dir='ltr'>ecrit</span> <span class='ocrx_word' id='word_1_107' title='bbox 1041 2787 1160 2857; x_wconf 65' lang='lat' dir='ltr'>l&#39;inct&#39;pit</span> <span class='ocrx_word' id='word_1_108' title='bbox 1183 2787 1219 2842; x_wconf 85' lang='lat' dir='ltr'>de</span> <span class='ocrx_word' id='word_1_109' title='bbox 1242 2796 1316 2843; x_wconf 87' lang='lat' dir='ltr'>cette</span> <span class='ocrx_word' id='word_1_110' title='bbox 1340 2789 1427 2842; x_wconf 86' lang='lat' dir='ltr'>Prose</span> <span class='ocrx_word' id='word_1_111' title='bbox 1447 2787 1520 2842; x_wconf 90' lang='lat' dir='ltr'>dans</span> <span class='ocrx_word' id='word_1_112' title='bbox 1542 2787 1568 2841; x_wconf 92' lang='lat' dir='ltr'>le</span> <span class='ocrx_word' id='word_1_113' title='bbox 1590 2785 1688 2840; x_wconf 88' lang='lat' dir='ltr'>Missel</span> <span class='ocrx_word' id='word_1_114' title='bbox 1711 2785 1748 2839; x_wconf 88' lang='lat' dir='ltr'>de</span> 
     </span>
     <span class='ocr_line' id='line_1_22' title="bbox 493 2865 1748 2936; baseline -0.002 -16"><span class='ocrx_word' id='word_1_115' title='bbox 493 2868 602 2920; x_wconf 88' lang='lat' dir='ltr'>Nevcrs</span> <span class='ocrx_word' id='word_1_116' title='bbox 625 2865 672 2936; x_wconf 92' lang='lat' dir='ltr'>qui</span> <span class='ocrx_word' id='word_1_117' title='bbox 682 2875 763 2934; x_wconf 86' lang='lat' dir='ltr'>porte</span> <span class='ocrx_word' id='word_1_118' title='bbox 783 2865 800 2918; x_wconf 73' lang='lat' dir='ltr'>h</span> <span class='ocrx_word' id='word_1_119' title='bbox 819 2865 845 2919; x_wconf 91' lang='lat' dir='ltr'>la</span> <span class='ocrx_word' id='word_1_120' title='bbox 869 2865 1068 2936; x_wconf 78' lang='lat' dir='ltr'>Bibliorntque</span> <span class='ocrx_word' id='word_1_121' title='bbox 1090 2867 1244 2922; x_wconf 89' lang='lat' dir='ltr'>Nationale</span> <span class='ocrx_word' id='word_1_122' title='bbox 1264 2867 1300 2922; x_wconf 92' lang='lat' dir='ltr'>de</span> <span class='ocrx_word' id='word_1_123' title='bbox 1319 2867 1399 2922; x_wconf 88' lang='lat' dir='ltr'>Paris</span> <span class='ocrx_word' id='word_1_124' title='bbox 1419 2868 1445 2922; x_wconf 89' lang='lat' dir='ltr'>le</span> <span class='ocrx_word' id='word_1_125' title='bbox 1466 2875 1584 2935; x_wconf 83' lang='lat' dir='ltr'>n⁰1235,</span> <span class='ocrx_word' id='word_1_126' title='bbox 1603 2866 1748 2920; x_wconf 86' lang='lat' dir='ltr'>nouvelles</span> 
     </span>
     <span class='ocr_line' id='line_1_23' title="bbox 491 2944 1606 3016; baseline 0 -16"><span class='ocrx_word' id='word_1_127' title='bbox 491 2945 684 3016; x_wconf 89' lang='lat' dir='ltr'>acquisitions.</span> <span class='ocrx_word' id='word_1_128' title='bbox 700 2944 979 3000; x_wconf 86' lang='lat' dir='ltr'>Malheureusement</span> <span class='ocrx_word' id='word_1_129' title='bbox 993 2946 1046 3001; x_wconf 88' lang='lat' dir='ltr'>elle</span> <span class='ocrx_word' id='word_1_130' title='bbox 1059 2947 1121 3001; x_wconf 90' lang='lat' dir='ltr'>n&#39;en</span> <span class='ocrx_word' id='word_1_131' title='bbox 1135 2963 1152 3001; x_wconf 87' lang='lat' dir='ltr'>a</span> <span class='ocrx_word' id='word_1_132' title='bbox 1165 2964 1217 3016; x_wconf 90' lang='lat' dir='ltr'>pas</span> <span class='ocrx_word' id='word_1_133' title='bbox 1231 2947 1363 3002; x_wconf 86' lang='lat' dir='ltr'>transcrit</span> <span class='ocrx_word' id='word_1_134' title='bbox 1376 2948 1403 3002; x_wconf 84' lang='lat' dir='ltr'>le</span> <span class='ocrx_word' id='word_1_135' title='bbox 1415 2957 1490 3002; x_wconf 86' lang='lat' dir='ltr'>texte</span> <span class='ocrx_word' id='word_1_136' title='bbox 1509 2947 1606 3000; x_wconf 85' lang='lat' dir='ltr'>entier.</span> 
     </span>
    </p>
   </div>
   <div class='ocr_carea' id='block_1_7' title="bbox 530 3084 1042 3154">
    <p class='ocr_par' dir='ltr' id='par_1_14' title="bbox 530 3084 1042 3154">
     <span class='ocr_line' id='line_1_24' title="bbox 530 3084 1042 3154; baseline 0.01 -17"><span class='ocrx_word' id='word_1_137' title='bbox 530 3099 539 3137; x_wconf 89' lang='lat'>1</span> <span class='ocrx_word' id='word_1_138' title='bbox 556 3102 573 3138; x_wconf 85' lang='lat' dir='ltr'>e</span> <span class='ocrx_word' id='word_1_139' title='bbox 605 3084 641 3139; x_wconf 92' lang='lat' dir='ltr'>sit</span> <span class='ocrx_word' id='word_1_140' title='bbox 654 3085 745 3138; x_wconf 91' lang='lat' dir='ltr'>honor</span> <span class='ocrx_word' id='word_1_141' title='bbox 759 3084 950 3139; x_wconf 67' lang='lat' dir='ltr'>Comtantnn.</span> <span class='ocrx_word' id='word_1_142' title='bbox 966 3099 1042 3154; x_wconf 81' lang='lat'>1557.</span> 
     </span>
    </p>
   </div>
   <div class='ocr_carea' id='block_1_8' title="bbox 735 3398 1506 3492">
    <p class='ocr_par' dir='ltr' id='par_1_15' title="bbox 735 3398 1506 3492">
     <span class='ocr_line' id='line_1_25' title="bbox 735 3398 1506 3492; baseline 0.005 -24"><span class='ocrx_word' id='word_1_143' title='bbox 735 3421 817 3492; x_wconf 85' lang='lat'><strong>255·</strong></span> <span class='ocrx_word' id='word_1_144' title='bbox 852 3399 925 3470; x_wconf 91' lang='lat' dir='ltr'>DE</span> <span class='ocrx_word' id='word_1_145' title='bbox 956 3398 1180 3473; x_wconf 77' lang='lat' dir='ltr'>SANCTA</span> <span class='ocrx_word' id='word_1_146' title='bbox 1210 3399 1506 3472; x_wconf 82' lang='lat' dir='ltr'><strong>OSMANNA.</strong></span> 
     </span>
    </p>
   </div>
   <div class='ocr_carea' id='block_1_9' title="bbox 580 3659 1626 4326">
    <p class='ocr_par' dir='ltr' id='par_1_16' title="bbox 580 3659 1626 4326">
     <span class='ocr_line' id='line_1_26' title="bbox 803 3659 1446 3722; baseline 0.006 -4"><span class='ocrx_word' id='word_1_147' title='bbox 803 3659 813 3702; x_wconf 91' lang='lat'>1</span> <span class='ocrx_word' id='word_1_148' title='bbox 1430 3659 1446 3722; x_wconf 88' lang='lat'>3</span> 
     </span>
     <span class='ocr_line' id='line_1_27' title="bbox 581 3759 1626 3848; baseline 0.004 -24"><span class='ocrx_word' id='word_1_149' title='bbox 581 3760 678 3825; x_wconf 92' lang='lat' dir='ltr'>Plebs</span> <span class='ocrx_word' id='word_1_150' title='bbox 694 3759 801 3825; x_wconf 90' lang='lat' dir='ltr'>fidelis</span> <span class='ocrx_word' id='word_1_151' title='bbox 818 3763 930 3841; x_wconf 89' lang='lat' dir='ltr'>iubila,</span> <span class='ocrx_word' id='word_1_152' title='bbox 1174 3822 1177 3828; x_wconf 89' lang='lat'>.</span> <span class='ocrx_word' id='word_1_153' title='bbox 1212 3765 1345 3848; x_wconf 84' lang='lat' dir='ltr'>Sponsa</span> <span class='ocrx_word' id='word_1_154' title='bbox 1361 3765 1485 3830; x_wconf 88' lang='lat' dir='ltr'>Christi</span> <span class='ocrx_word' id='word_1_155' title='bbox 1502 3766 1626 3842; x_wconf 88' lang='lat' dir='ltr'>sedula,</span> 
     </span>
     <span class='ocr_line' id='line_1_28' title="bbox 580 3856 1557 3939; baseline 0.005 -20"><span class='ocrx_word' id='word_1_156' title='bbox 580 3856 680 3938; x_wconf 92' lang='lat' dir='ltr'>longe</span> <span class='ocrx_word' id='word_1_157' title='bbox 696 3857 823 3939; x_wconf 88' lang='lat' dir='ltr'>pellens</span> <span class='ocrx_word' id='word_1_158' title='bbox 841 3859 954 3924; x_wconf 91' lang='lat' dir='ltr'>nubila</span> <span class='ocrx_word' id='word_1_159' title='bbox 1211 3861 1399 3924; x_wconf 87' lang='lat' dir='ltr'>sanctitatis</span> <span class='ocrx_word' id='word_1_160' title='bbox 1417 3860 1557 3938; x_wconf 89' lang='lat' dir='ltr'>aemula,</span> 
     </span>
     <span class='ocr_line' id='line_1_29' title="bbox 580 3953 1590 4039; baseline 0.007 -25"><span class='ocrx_word' id='word_1_161' title='bbox 580 3953 687 4016; x_wconf 91' lang='lat' dir='ltr'>sordis</span> <span class='ocrx_word' id='word_1_162' title='bbox 703 3964 737 4016; x_wconf 91' lang='lat' dir='ltr'>et</span> <span class='ocrx_word' id='word_1_163' title='bbox 753 3954 939 4036; x_wconf 88' lang='lat' dir='ltr'>spurcitiae,</span> <span class='ocrx_word' id='word_1_164' title='bbox 1209 3977 1268 4039; x_wconf 89' lang='lat' dir='ltr'>spe</span> <span class='ocrx_word' id='word_1_165' title='bbox 1284 3958 1439 4038; x_wconf 90' lang='lat' dir='ltr'>perennis</span> <span class='ocrx_word' id='word_1_166' title='bbox 1455 3957 1590 4039; x_wconf 88' lang='lat' dir='ltr'>gloriae,</span> 
     </span>
     <span class='ocr_line' id='line_1_30' title="bbox 582 4048 1557 4130; baseline 0.006 -20"><span class='ocrx_word' id='word_1_167' title='bbox 582 4048 703 4130; x_wconf 90' lang='lat' dir='ltr'>Fulget</span> <span class='ocrx_word' id='word_1_168' title='bbox 719 4049 751 4112; x_wconf 95' lang='lat' dir='ltr'>in</span> <span class='ocrx_word' id='word_1_169' title='bbox 771 4049 920 4114; x_wconf 88' lang='lat' dir='ltr'>Ecclesia</span> <span class='ocrx_word' id='word_1_170' title='bbox 1213 4052 1293 4118; x_wconf 89' lang='lat' dir='ltr'>Sola</span> <span class='ocrx_word' id='word_1_171' title='bbox 1309 4073 1384 4115; x_wconf 93' lang='lat' dir='ltr'>cum</span> <span class='ocrx_word' id='word_1_172' title='bbox 1401 4053 1557 4117; x_wconf 90' lang='lat' dir='ltr'>ancillula</span> 
     </span>
     <span class='ocr_line' id='line_1_31' title="bbox 581 4143 1566 4224; baseline 0.007 -18"><span class='ocrx_word' id='word_1_173' title='bbox 581 4143 678 4206; x_wconf 89' lang='lat' dir='ltr'>stella</span> <span class='ocrx_word' id='word_1_174' title='bbox 694 4144 823 4208; x_wconf 91' lang='lat' dir='ltr'>stillans</span> <span class='ocrx_word' id='word_1_175' title='bbox 844 4145 966 4224; x_wconf 90' lang='lat' dir='ltr'>dulcia,</span> <span class='ocrx_word' id='word_1_176' title='bbox 1213 4150 1328 4212; x_wconf 89' lang='lat' dir='ltr'>stricta</span> <span class='ocrx_word' id='word_1_177' title='bbox 1345 4149 1429 4212; x_wconf 93' lang='lat' dir='ltr'>vixit</span> <span class='ocrx_word' id='word_1_178' title='bbox 1446 4149 1566 4214; x_wconf 86' lang='lat' dir='ltr'>cellula</span> 
     </span>
     <span class='ocr_line' id='line_1_32' title="bbox 584 4239 1554 4326; baseline 0.004 -21"><span class='ocrx_word' id='word_1_179' title='bbox 584 4239 770 4319; x_wconf 90' lang='lat' dir='ltr'>Osmanna,</span> <span class='ocrx_word' id='word_1_180' title='bbox 785 4242 845 4307; x_wconf 88' lang='lat' dir='ltr'>flos</span> <span class='ocrx_word' id='word_1_181' title='bbox 862 4244 998 4326; x_wconf 89' lang='lat' dir='ltr'>gratiae.</span> <span class='ocrx_word' id='word_1_182' title='bbox 1214 4243 1334 4308; x_wconf 88' lang='lat' dir='ltr'>finibus</span> <span class='ocrx_word' id='word_1_183' title='bbox 1355 4244 1554 4310; x_wconf 88' lang='lat' dir='ltr'>Britanniae.</span> 
     </span>
    </p>
   </div>
   <div class='ocr_carea' id='block_1_10' title="bbox 582 4395 1667 5058">
    <p class='ocr_par' dir='ltr' id='par_1_17' title="bbox 582 4395 1667 5058">
     <span class='ocr_line' id='line_1_33' title="bbox 801 4395 1453 4456; baseline 0.002 -1"><span class='ocrx_word' id='word_1_184' title='bbox 801 4395 819 4440; x_wconf 91' lang='lat'><em>²</em></span> <span class='ocrx_word' id='word_1_185' title='bbox 1431 4396 1453 4456; x_wconf 90' lang='lat'>4</span> 
     </span>
     <span class='ocr_line' id='line_1_34' title="bbox 584 4492 1656 4560; baseline 0 -4"><span class='ocrx_word' id='word_1_186' title='bbox 584 4492 792 4558; x_wconf 90' lang='lat' dir='ltr'>Caelestibus</span> <span class='ocrx_word' id='word_1_187' title='bbox 809 4495 954 4558; x_wconf 89' lang='lat' dir='ltr'>flosculis</span> <span class='ocrx_word' id='word_1_188' title='bbox 1214 4498 1303 4560; x_wconf 90' lang='lat' dir='ltr'>Dum</span> <span class='ocrx_word' id='word_1_189' title='bbox 1322 4517 1357 4559; x_wconf 91' lang='lat' dir='ltr'>se</span> <span class='ocrx_word' id='word_1_190' title='bbox 1375 4495 1509 4560; x_wconf 89' lang='lat' dir='ltr'>Christo</span> <span class='ocrx_word' id='word_1_191' title='bbox 1525 4497 1656 4560; x_wconf 84' lang='lat' dir='ltr'>dedicat</span> 
     </span>
     <span class='ocr_line' id='line_1_35' title="bbox 584 4590 1611 4674; baseline 0.003 -24"><span class='ocrx_word' id='word_1_192' title='bbox 584 4609 725 4652; x_wconf 89' lang='lat' dir='ltr'>vernans</span> <span class='ocrx_word' id='word_1_193' title='bbox 741 4609 761 4653; x_wconf 90' lang='lat' dir='ltr'>a</span> <span class='ocrx_word' id='word_1_194' title='bbox 777 4590 951 4654; x_wconf 91' lang='lat' dir='ltr'>cunabulis</span> <span class='ocrx_word' id='word_1_195' title='bbox 1214 4593 1373 4674; x_wconf 89' lang='lat' dir='ltr'>splendor</span> <span class='ocrx_word' id='word_1_196' title='bbox 1390 4593 1472 4654; x_wconf 92' lang='lat' dir='ltr'>lucis</span> <span class='ocrx_word' id='word_1_197' title='bbox 1488 4593 1611 4654; x_wconf 83' lang='lat' dir='ltr'>emicat</span> 
     </span>
     <span class='ocr_line' id='line_1_36' title="bbox 582 4683 1615 4770; baseline 0.003 -24"><span class='ocrx_word' id='word_1_198' title='bbox 582 4683 692 4748; x_wconf 89' lang='lat' dir='ltr'>hausit</span> <span class='ocrx_word' id='word_1_199' title='bbox 709 4687 802 4768; x_wconf 90' lang='lat' dir='ltr'>virgo</span> <span class='ocrx_word' id='word_1_200' title='bbox 818 4687 960 4768; x_wconf 88' lang='lat' dir='ltr'>gratiam</span> <span class='ocrx_word' id='word_1_201' title='bbox 976 4709 984 4764; x_wconf 89' lang='grc'><strong>;</strong></span> <span class='ocrx_word' id='word_1_202' title='bbox 1214 4689 1306 4751; x_wconf 90' lang='lat' dir='ltr'>iubar</span> <span class='ocrx_word' id='word_1_203' title='bbox 1324 4709 1442 4770; x_wconf 86' lang='lat' dir='ltr'>gerens</span> <span class='ocrx_word' id='word_1_204' title='bbox 1463 4687 1615 4765; x_wconf 89' lang='lat' dir='ltr'>sacculo;</span> 
     </span>
     <span class='ocr_line' id='line_1_37' title="bbox 584 4778 1619 4858; baseline 0.001 -14"><span class='ocrx_word' id='word_1_205' title='bbox 584 4778 706 4844; x_wconf 87' lang='lat' dir='ltr'>Sacrae</span> <span class='ocrx_word' id='word_1_206' title='bbox 724 4801 862 4844; x_wconf 90' lang='lat' dir='ltr'>manens</span> <span class='ocrx_word' id='word_1_207' title='bbox 879 4782 1008 4858; x_wconf 90' lang='lat' dir='ltr'>indolis,</span> <span class='ocrx_word' id='word_1_208' title='bbox 1215 4785 1365 4847; x_wconf 90' lang='lat' dir='ltr'>Venator</span> <span class='ocrx_word' id='word_1_209' title='bbox 1381 4783 1468 4846; x_wconf 92' lang='lat' dir='ltr'>hanc</span> <span class='ocrx_word' id='word_1_210' title='bbox 1485 4784 1619 4858; x_wconf 90' lang='lat' dir='ltr'>indicat,</span> 
     </span>
     <span class='ocr_line' id='line_1_38' title="bbox 585 4875 1667 4960; baseline 0.006 -24"><span class='ocrx_word' id='word_1_211' title='bbox 585 4875 726 4958; x_wconf 86' lang='lat' dir='ltr'>reliquit,</span> <span class='ocrx_word' id='word_1_212' title='bbox 741 4897 816 4941; x_wconf 91' lang='lat' dir='ltr'>cum</span> <span class='ocrx_word' id='word_1_213' title='bbox 835 4876 942 4954; x_wconf 92' lang='lat' dir='ltr'>idolis,</span> <span class='ocrx_word' id='word_1_214' title='bbox 1215 4881 1294 4943; x_wconf 93' lang='lat' dir='ltr'>dum</span> <span class='ocrx_word' id='word_1_215' title='bbox 1312 4879 1478 4944; x_wconf 90' lang='lat' dir='ltr'>salvatum</span> <span class='ocrx_word' id='word_1_216' title='bbox 1497 4880 1667 4960; x_wconf 89' lang='lat' dir='ltr'>praedicat</span> 
     </span>
     <span class='ocr_line' id='line_1_39' title="bbox 585 4973 1561 5058; baseline 0.002 -24"><span class='ocrx_word' id='word_1_217' title='bbox 585 4981 740 5052; x_wconf 87' lang='lat' dir='ltr'>parentes</span> <span class='ocrx_word' id='word_1_218' title='bbox 757 4982 789 5036; x_wconf 90' lang='lat' dir='ltr'>et</span> <span class='ocrx_word' id='word_1_219' title='bbox 806 4973 967 5056; x_wconf 71' lang='lat' dir='ltr'>patriam:</span> <span class='ocrx_word' id='word_1_220' title='bbox 1218 4996 1335 5058; x_wconf 89' lang='lat' dir='ltr'>aprum</span> <span class='ocrx_word' id='word_1_221' title='bbox 1353 4997 1372 5039; x_wconf 92' lang='lat' dir='ltr'>a</span> <span class='ocrx_word' id='word_1_222' title='bbox 1388 4973 1561 5040; x_wconf 89' lang='lat' dir='ltr'>venabulo.</span> 
     </span>
    </p>
   </div>
   <div class='ocr_carea' id='block_1_11' title="bbox 0 0 2079 5784">
    <p class='ocr_par' dir='ltr' id='par_1_18' title="bbox 0 0 2079 5784">
     <span class='ocr_line' id='line_1_40' title="bbox 0 0 2079 5784; baseline 0 0"><span class='ocrx_word' id='word_1_223' title='bbox 0 0 2079 5784; x_wconf 95' lang='lat' dir='ltr'> </span> 
     </span>
    </p>
   </div>
  </div>
 </body>
</html>
