4096 5794
437 475 509 565 506
572 495 577 504 ·
751 493 892 543 nnosnn
920 491 1123 542 eccm-:stne
1151 491 1399 543 nenorosusrs

622 683 624 689 ·
695 666 777 770 362.
810 678 884 751 os
917 676 1142 753 snucno
1171 677 1442 754 neonem.
1555 615 1556 618 Ὺ

746 923 757 968 1
1242 907 1391 984 Datiani,

611 1021 842 1086 Laetabundus
1165 1003 1304 1068 Verbum
1318 1025 1375 1067 ens
1390 1003 1550 1068 altissimi

481 1116 539 1181 fiat
554 1127 588 1181 et
605 1117 767 1183 iocundus
781 1117 895 1182 citurus

612 1211 759 1278 fidelium
774 1239 782 1295 3
1242 1195 1432 1260 Christiani.

611 1310 732 1393 Regem
748 1311 830 1374 caeli

482 1405 597 1469 laudet
613 1415 646 1468 et
662 1406 763 1468 corde
779 1404 869 1470 fideli
1376 1397 1391 1460 5

612 1501 805 1585 Georgfflm·
1155 1532 1266 1595 Isaias
1281 1533 1365 1595 alius

744 1624 761 1669 ²
1156 1628 1295 1709 capitur,
1307 1648 1407 1710 quem
1425 1627 1546 1710 impius

568 1710 717 1792 Angelus
732 1711 860 1774 consilii
1158 1723 1494 1786 iudexiubetacrius

567 1806 670 1868 virtus
686 1816 736 1870 est
754 1805 888 1889 Georgii
1244 1817 1413 1900 flagellari,

612 1901 780 1982 pallentis,
1037 1930 1039 1936 ·
1158 1913 1277 1978 Sinon
1294 1915 1362 1976 suis
1379 1912 1504 1976 frivolis

570 1997 629 2064 Sol
645 1997 722 2061 huic
739 1999 894 2075 iustitiae,
1158 2005 1320 2070 sacrificet
1336 2007 1434 2070 idolis

566 2095 693 2158 donum
711 2095 894 2177 patientiae
1156 2112 1188 2164 et
1205 2103 1284 2166 velit
1300 2121 1376 2164 cum
1392 2100 1527 2166 discolis

611 2189 644 2252 in
661 2190 845 2254 tormentis.
1244 2197 1370 2260 sociari.

526 2397 622 2462 Sicut
636 2309 760 2461 ceruus3
767 2396 914 2474 fluvium,
1376 2357 1397 2418 6

525 2493 571 2557 sic
589 2491 683 2555 miles
701 2494 895 2574 martyrium
1102 2504 1105 2512 “
1204 2517 1328 2580 Infelix
1344 2519 1434 2582 rabie

616 2579 750 2642 sitiebat
764 2601 771 2657 ;

526 2674 645 2756 Neque
661 2672 767 2737 fastus
783 2674 911 2757 apicem

524 2770 581 2832 sed
599 2779 790 2832 sanctorum
807 2769 944 2832 calicem
989 2840 992 2848 ¹

594 2891 597 2898 ·
613 2865 803 2948 appetebat.

1201 2624 1328 2696 captus,
1344 2615 1482 2678 militiae

1203 2709 1317 2772 florem
1335 2710 1434 2773 hodie

1243 2804 1430 2882 decollavit,

1199 2901 1310 2984 Quem
1329 2922 1389 2983 pro
1405 2903 1581 2966 virtutibus

743 2997 765 3057 4
1204 2997 1280 3061 Rex
1297 3017 1412 3080 regum
1431 2997 1598 3061 Dominus

528 3080 651 3147 Ccdms
664 3081 735 3145 alia
752 3081 895 3146 militum
1201 3093 1369 3157 caelorum
1387 3093 1521 3156 sedibus

526 3199 593 3244 non
611 3180 708 3244 timet
724 3181 909 3244 exercitum
1243 3181 1391 3245 sociavit.

477 3355 671 3404 Manuscrlt.
695 3333 829 3404 livnuux
842 3367 848 3404 :
870 3349 972 3404 Muse‘e
985 3350 1020 3404 de
1034 3350 1061 3404 la
1075 3349 1157 3418 Villo,
1168 3365 1210 3417 99,
1227 3349 1326 3405 Missel
1339 3333 1488 3419 d’Evrenx,
1499 3349 1595 3419 (ayant
1608 3359 1704 3404 autre·

438 3429 492 3482 lois
505 3439 660 3498 appartenu
674 3429 691 3482 a
704 3428 795 3482 Raoul
807 3429 845 3482 du
860 3428 940 3496 Fon),
953 3428 1104 3496 xv⁰siecle‚
1122 3431 1151 3482 E
1157 3430 1186 3484 V.

478 3585 492 3623 2
508 3587 527 3624 a
558 3570 669 3625 concilii
681 3571 709 3624 E
716 3572 744 3624 V.
759 3571 905 3624 Ebroicen.

596 3857 678 3943 3⁶3.
712 3851 787 3924 nn
817 3813 1146 3926 ss'nnxrno
1177 3851 1249 3925 nr
1278 3851 1556 3925 nanneno,

1067 4109 1079 4153 1

623 4199 676 4263 Ad
694 4200 772 4263 celsi
790 4201 893 4282 Regis
908 4199 1047 4282 gloriam
1065 4208 1193 4283 pangat
1208 4200 1328 4263 chorus
1345 4199 1535 4276 melodiam,

620 4295 687 4378 Qui
706 4297 738 4358 in
755 4297 879 4360 sanctis
896 4295 1034 4359 mirifica
1050 4306 1207 4378 operatur
1223 4294 1401 4378 magnalia,

1064 4425 1082 4470 2

620 4522 683 4584 Per
698 4540 782 4603 quos
799 4519 875 4585 Suis
892 4521 1091 4584 multimoda
1108 4520 1245 4602 largitur
1261 4516 1433 4588 beneficia.

619 4617 755 4680 Vocans
772 4615 894 4680 multos
911 4617 953 4680 ad
970 4617 1093 4699 gaudia
1110 4636 1195 4698 quae
1211 4615 1269 4678 dat
1287 4613 1381 4677 iustis
1398 4612 1556 4694 perennia
1571 4632 1578 4688 ;

1064 4747 1082 4810 3

621 4845 713 4907 Inter
728 4862 812 4926 quos
828 4842 966 4906 fratrum
983 4841 1089 4924 gloria
1105 4841 1255 4906 clarescit
1271 4847 1304 4902 et
1320 4835 1459 4901 victoria

618 4937 695 5022 Qua
710 4941 861 5023 gentium
877 4939 1019 5002 ludibria
1034 4940 1184 5004 vicerunt
1200 4945 1234 5000 et
1250 4933 1428 5017 sculptilia,
