4102 5792
479 547 553 616 434
649 542 789 593 PROSAE
817 539 1021 590 ECCLESIAE
1048 539 1076 588 S.
1098 538 1287 590 STEPHANI
1316 537 1563 590 DIVIONENSIS

707 741 788 812 305.
822 719 897 791 DE
928 715 1151 792 SANCTO
1183 715 1507 790 BERNARDO.

787 929 796 974 1

524 1016 644 1098 Fulget
662 1016 789 1078 mundo
806 1015 866 1078 lux
884 1014 1042 1077 sollennis

521 1132 623 1195 quam
639 1111 776 1174 decorat
793 1110 864 1172 laus
881 1108 1036 1192 perennis

566 1217 599 1271 et
616 1208 702 1289 iugis
721 1205 893 1280 memoria,

524 1305 599 1368 Hac
617 1306 649 1366 in
666 1305 721 1367 die
737 1323 803 1385 qua
821 1300 1010 1363 Bernardus

521 1402 606 1464 dans
622 1400 760 1463 odorem
780 1397 869 1460 velut
888 1395 1011 1458 nardus

566 1503 764 1558 stemmatur
780 1493 813 1554 in
830 1489 945 1572 gloria.

785 1613 802 1657 2

522 1703 612 1766 Alvo
628 1701 744 1764 matris
761 1699 871 1762 adhuc
888 1697 1020 1760 clausus

522 1797 770 1860 mundo'novos
786 1796 845 1857 dat
862 1792 1042 1875 applausus

566 1891 675 1955 catelli
693 1909 752 1972 per
768 1890 935 1952 somnium
951 1909 958 1966 ;

523 1987 576 2050 llli
594 1987 747 2052 Christus
764 1985 965 2060 incarnatus,

521 2085 563 2147 de
579 2083 720 2164 Virgine
736 2081 908 2163 quondam
927 2089 1024 2141 natus

566 2186 731 2241 monstrat
746 2175 969 2258 puerperium.

523 2385 670 2448 Fraudes
687 2385 769 2446 vitat
784 2297 984 2446 leminarum

523 2489 559 2544 ut
576 2480 762 2562 praedones
778 2471 964 2541 animarum

564 2584 709 2639 sectator
724 2574 777 2637 hic
794 2573 925 2636 virtutis
939 2593 945 2648 ;

523 2671 599 2732 Deo
615 2667 780 2751 praebens
796 2665 997 2730 caelibatum

520 2786 556 2829 se
571 2773 747 2828 conservat
763 2763 927 2826 illibatum

563 2871 715 2942 ternpore
732 2859 920 2921 iuventutis.

522 3065 692 3130 Valelacit
708 2981 911 3148 parelltibus,

520 3162 610 3226 crine
625 3171 733 3237 tons0‚
748 3182 825 3224 cum
842 3159 997 3222 iratribus

563 3269 717 3321 sanctum
734 3257 864 3338 quaerit
880 3255 986 3318 otium
1003 3277 1010 3331 ;

521 3355 567 3417 In·
579 3352 773 3434 exemplum
790 3350 897 3413 sancti
913 3348 1007 3412 callis

520 3449 725 3514 adstruendo
741 3445 957 3512 Claraevallis

478 3607 480 3610 .
563 3543 706 3610 mittitur
721 3542 931 3604 coenobium.

783 3660 797 3726 5

520 3753 630 3818 Urbes
646 3751 793 3827 horrens,
809 3758 927 3825 castra,
944 3767 1060 3830 pagos,

519 3850 604 3912 inter
619 3866 760 3930 quercus
777 3855 878 3928 atque
894 3843 989 3925 sagos

562 3951 658 4006 vacat
674 3941 756 4006 caeli
773 3940 904 4016 curiae;

518 4039 585 4104 Cor
600 4037 771 4100 succendit
788 4035 820 4097 in
837 4037 1010 4108 amorem,'

519 4153 653 4198 carnem
670 4139 793 4194 tractat
809 4131 850 4193 ad
869 4129 1016 4192 laborem

561 4229 733 4294 Martham
751 4225 859 4307 iungit
877 4225 1013 4288 Mariae.

779 4332 800 4393 6

517 4438 639 4504 Gulam
656 4435 764 4499 frenat
780 4432 965 4516 saporibus,

515 4545 625 4600 vestes
641 4541 756 4598 carent
772 4529 1015 4613 splendoribus,

559 4630 657 4694 sorde
673 4638 787 4692 tamen
805 4624 945 4700 deiecta,

1153 911 1351 974 Detestatus
1366 911 1551 975 vanitatem

1153 1025 1284 1088 semper
1300 1017 1392 1070 amat
1408 1016 1652 1090 paupertatem,

1196 1103 1337 1165 caritate
1353 1102 1511 1166 subiecta.

1414 1229 1433 1293 7

1155 1324 1353 1389 Sanctitatis
1368 1327 1413 1388 ob
1428 1336 1579 1390 tenorem

1153 1423 1362 1504 praesulatus
1378 1424 1420 1487 ad
1437 1424 1599 1488 honorem

1196 1519 1344 1599 poscitur
1360 1540 1380 1583 a
1396 1520 1530 1602 populis
1546 1541 1553 1598 ;

1154 1611 1220 1677 Sed
1238 1613 1300 1677 hac
1316 1634 1452 1696 gemma
1468 1615 1626 1698 singulari

1154 1729 1218 1772 non
1237 1709 1307 1772 vult
1323 1708 1440 1774 iratres
1456 1711 1646 1775 defraudari

1197 1805 1350 1869 Christus
1367 1807 1444 1870 Rex
1461 1807 1494 1870 in
1511 1806 1660 1872 saeculis.

1413 1930 1432 1990 8

1157 2036 1355 2102 Haereticos
1372 2039 1554 2102 insectatur

1152 2153 1236 2216 quos
1251 2133 1403 2198 confutat
1418 2135 1499 2198 dum
1517 2135 1661 2200 luctatur

1195 2228 1331 2310 publico
1345 2229 1537 2307 certamine,

1153 2325 1272 2389 Fidem
1288 2325 1386 2389 dictis
1402 2325 1570 2390 roboravit

1153 2419 1245 2483 libris
1260 2420 1357 2484 claris
1372 2441 1458 2504 quos
1474 2423 1594 2487 ditavit

1195 2524 1337 2578 venusto
1352 2517 1543 2583 dictamine.

1411 2655 1433 2720 9

1154 2756 1192 2817 ln
1210 2757 1416 2836 argumentis
1432 2757 1562 2820 virtutis

1153 2850 1258 2913 multa
1273 2851 1369 2932 signa
1385 2852 1444 2915 dat
1460 2851 1575 2916 salutis

1153 2963 1192 3008 ac
1208 2945 1360 3009 sensibus
1376 2948 1536 3010 restitutis

1196 3039 1327 3122 expulit
1344 3041 1521 3106 daemonia
1535 3063 1544 3120 ;

1155 3135 1379 3199 Ecclesiarum
1395 3145 1558 3219 tyrannos

1151 3251 1244 3294 acres
1259 3230 1359 3294 nimis
1374 3241 1476 3314 atque
1493 3253 1634 3315 magnos

1151 3347 1210 3407 per
1224 3347 1397 3390 censuram
1415 3329 1525 3392 reddit
1540 3351 1647 3413 agnos
1662 3355 1669 3394 :

1194 3422 1283 3484 iussa
1298 3421 1470 3504 complent
1485 3427 1609 3492 omnia.

1404 3563 1444 3612 10

1149 3667 1181 3732 Ο
1199 3668 1375 3748 Bernarde,
1390 3673 1473 3735 caeli
1489 3675 1604 3753 cultor,

1149 3763 1237 3826 vitae
1254 3775 1387 3829 nostrae
1403 3769 1448 3830 sis
1468 3771 1647 3850 consultor,

1149 3867 1256 3939 perte
1273 3857 1426 3924 Christus
1442 3862 1548 3928 iustus
1565 3865 1652 3930 ultor

1149 3951 1351 4018 offensarum
1368 3957 1411 4021 sit
1427 3959 1576 4026 indultor

1193 4048 1396 4133 largitorque
1413 4055 1539 4133 veniae,

1151 4145 1246 4208 Utin
1263 4166 1339 4210 arce
1354 4169 1487 4215 summa
1502 4152 1570 4235 poli

1148 4243 1313 4307 sociemur
1328 4265 1407 4310 vero
1423 4246 1495 4312 Soli

1151 4337 1235 4420 Regi
1253 4358 1369 4422 regum
1385 4342 1490 4425 digno
1506 4345 1570 4410 coli

1279 4437 1311 4499 in
1329 4459 1396 4521 quo
1411 4441 1535 4508 sistunt

1277 4542 1311 4594 et
1327 4534 1494 4602 adsistunt

1191 4645 1353 4706 perennes
1369 4628 1518 4697 deliciae.

506 4773 703 4824 Manusorlt.
721 4767 832 4819 Parus:
846 4761 919 4816 Bibl.
932 4763 1009 4830 Nat,
1018 4761 1079 4831 879,
1092 4761 1192 4817 Missel
1203 4762 1239 4818 de
1247 4763 1353 4834 l’eglise
1361 4753 1579 4828 saint-Etienne
1589 4773 1625 4830 de
1636 4776 1734 4848 Dijon,

469 4849 618 4918 xvrsiecle,
633 4847 663 4902 S.

505 4944 551 4998 80
582 4941 698 4998 dictavit

503 5029 554 5091 9d
588 5023 627 5078 sis
