4096 5794
618 551 761 607 mosas
787 553 990 606 accessum
1016 552 1290 606 cunuuuruusm
1512 537 1582 625 585

346 733 377 798 6.
401 733 528 810 Petrus,
543 731 666 797 virtute
681 742 798 798 sancta
814 733 950 796 vincens
968 731 1161 796 Simoniaea
1177 741 1336 810 monstra,
1347 731 1532 814 triumphat
1549 733 1581 795 in

479 829 561 892 loria
577 851 584 864 ·

348 942 376 1005 7.
401 850 523 988 Padus
539 880 642 989 hdrile
657 947 790 1009 sperma
806 935 1030 1010 contorquens
1053 926 1195 1010 Elymae
1218 925 1362 1009 gemella
1388 927 1582 990 obcaecavit

455 1023 590 1087 lumina.

344 1156 372 1218 8.
397 1154 531 1217 Petrum
560 1153 734 1216 marmoris
770 1152 856 1217 salsa
882 1153 1083 1236 spoliantem
1111 1154 1277 1238 profunda
1305 1155 1419 1219 divina
1450 1157 1582 1219 vocavit

451 1249 541 1323 tuba,
558 1259 731 1330 capturam
749 1269 816 1332 quo
832 1250 943 1314 trahat
959 1251 1142 1315 humanam
1160 1274 1166 1330 ;

342 1365 371 1426 9.
396 1345 603 1429 Paulumque
629 1347 661 1408 in
681 1347 807 1410 Iudaea
823 1355 1035 1430 torquentem
1054 1348 1178 1414 Christi
1196 1347 1347 1412 membra
1362 1349 1405 1412 de
1421 1349 1500 1412 sede
1515 1347 1580 1412 cla·

451 1444 555 1507 mavit
571 1443 639 1507 alta
654 1443 859 1525 perlustrans
874 1443 963 1508 hunc
979 1445 1068 1509 alma
1084 1445 1245 1509 doctrina.

324 1595 370 1642 10.
395 1575 467 1652 Eia,
482 1575 652 1658 praecelsa
678 1596 767 1639 nunc
796 1575 950 1658 angelica
976 1587 1087 1641 turma
1114 1597 1288 1660 concrepa,
1304 1585 1338 1640 et
1359 1575 1482 1640 resulta
1498 1596 1580 1641 voce

449 1672 538 1736 clara
555 1671 679 1738 Christi
703 1671 890 1754 praeconia,
913 1693 1012 1756 quem
1038 1673 1209 1738 confessus
1233 1683 1283 1738 est
1308 1674 1376 1737 ima
1404 1673 1523 1738 Petrus
1545 1673 1577 1734 in

450 1768 558 1850 patria
574 1790 581 1844 ;

324 1882 369 1928 11.
394 1864 516 1928 Paulus
541 1885 662 1928 arcana
687 1865 921 1948 contemplans
951 1886 1052 1948 super
1078 1865 1202 1942 aethra,
1229 1865 1345 1929 lucifer
1371 1867 1458 1930 inter
1481 1873 1579 1941 astra,

449 1969 558 2024 totum
577 1961 740 2025 mundum
758 1962 866 2027 clarus
882 1963 1028 2040 irradiat,
1045 1971 1077 2026 et
1094 1965 1136 2026 ad
1153 1964 1242 2027 vitae
1258 1983 1382 2045 pascua
1405 1963 1578 2027 credentes

449 2059 600 2122 advocat.
905 2073 908 2078 '

322 2201 368 2249 12.
394 2186 527 2248 Petrum
545 2185 649 2248 ferrea
665 2187 834 2269 stringunt
850 2186 930 2264 lora,
946 2187 1004 2251 sed
1021 2185 1082 2252 lux
1098 2187 1195 2270 eripit
1219 2185 1370 2269 angelica
1386 2209 1394 2265 ;
1417 2187 1506 2250 unde
1522 2188 1578 2270 pio

448 2284 548 2348 corde
564 2284 652 2347 laeta
668 2286 858 2367 congaudet
877 2285 1028 2349 Ecclesia
1044 2308 1051 2364 3
1509 2295 1513 2304 “

322 2397 368 2461 13.
393 2379 532 2444 Paulum
550 2400 668 2461 aspera
693 2381 778 2444 inter
794 2381 905 2445 vincla
932 2383 1028 2464 signa
1055 2381 1260 2447 comitantur
1286 2383 1446 2460 maxima,
1470 2383 1578 2447 donec

448 2477 538 2539 urbis
555 2477 686 2540 Romae
701 2477 790 2541 celsa
806 2477 956 2542 visitaret
972 2477 1128 2544 culmina.

322 2623 368 2686 14.
393 2607 510 2669 Petrus
526 2605 640 2669 omnia
656 2605 757 2670 verbo
773 2615 870 2670 sanat
887 2605 1026 2682 infirma,
1042 2617 1217 2690 praestans
1232 2609 1339 2673 caecis
1355 2608 1490 2685 lumina,
1506 2627 1576 2671 sus-

447 2703 555 2766 citans
571 2704 744 2781 cadavera,
763 2704 849 2767 dans
865 2712 898 2768 et
915 2705 1011 2768 bonis
1028 2715 1149 2769 cuncta
1166 2707 1295 2770 cunctis
1310 2705 1424 2782 bona;

321 2812 367 2879 15.
394 2799 529 2862 Adsunt
550 2799 685 2881 gemina
711 2799 742 2862 in
774 2801 884 2863 Roma
909 2800 1119 2879 candelabra,
1144 2823 1285 2885 quorum
1314 2803 1425 2866 lucent
1449 2801 1576 2865 lumina

446 2896 532 2958 inter
548 2894 664 2958 mundi
681 2895 827 2972 climata,
843 2896 922 2959 solis
939 2897 981 2960 ab
998 2907 1118 2961 exortu
1137 2907 1169 2962 et
1185 2919 1314 2962 occasu.

320 3024 364 3087 16.
392 3023 487 3087 Haec
508 3024 594 3088 inter
620 3032 716 3087 tanta
743 3024 869 3087 famina
895 3025 977 3088 caeli
1003 3027 1233 3092 conscendunt
1264 3027 1397 3110 gaudia,
1427 3025 1490 3088 hac
1520 3025 1575 3088 die

446 3129 563 3182 sancta
576 3140 583 3196 ;

318 3231 367 3298 17.
391 3217 454 3280 Per
469 3235 611 3299 quorum
628 3235 689 3278 nos
705 3213 873 3298 suffragia,
890 3216 1023 3280 Christe
1049 3216 1213 3295 Salvator,
1229 3218 1359 3294 adiuva,
1376 3227 1478 3300 atque
1494 3237 1572 3280 con-

400 3324 495 3368 serva

319 3437 362 3498 18.
389 3436 451 3498 Per
465 3433 582 3498 saecla.

349 3604 555 3654 Manuscrlts.
579 3601 715 3654 Oxvonu
730 3618 735 3654 :
756 3599 828 3654 Bibl.
845 3599 939 3666 Bodl,
953 3612 985 3665 77
990 3611 1013 3668 5,
1027 3599 1164 3670 Tropaire
1177 3601 1213 3655 de
1226 3601 1414 3668 winchester,
1428 3609 1508 3655 entre
1521 3613 1574 3668 979

312 3689 339 3734 et
355 3677 431 3746 1016,
444 3680 507 3733 ΟΑ.
541 3679 751 3733 causamme:
781 3679 852 3734 Bibl.
867 3678 903 3733 de
925 3679 1116 3746 l’Universite,
1137 3679 1333 3750 quuentiaire
1346 3681 1382 3734 de
1396 3681 1496 3748 Cerne,
1509 3696 1573 3734 vers

316 3773 390 3827 1400,
405 3759 461 3813 CB.
495 3759 605 3828 Corpus
620 3758 725 3814 Christi
741 3759 819 3827 Coll,
834 3772 895 3826 473,
913 3758 1051 3828 Tropaire
1073 3759 1108 3812 de
1129 3759 1318 3824 Winchester,
1339 3759 1479 3828 xi⁰siecle,
1494 3759 1571 3814 CCC.

347 3903 429 3957 Cette
444 3903 531 3955 Prose
544 3918 561 3954 a
573 3899 620 3955 ete
633 3899 745 3970 publiee
757 3918 808 3970 par
820 3902 866 3955 W.
876 3901 909 3954 G.
926 3901 1129 3956 Hutvnuuson
1144 3902 1215 3956 dans
1226 3901 1350 3956 l’ridition
1363 3902 1401 3957 du
1423 3903 1522 3957 Missel
1536 3904 1572 3958 de

311 3981 396 4050 Yorlr,
410 3980 559 4052 imprimes
572 3997 626 4034 aux
640 3979 707 4034 irais
721 3981 757 4035 de
770 3981 798 4035 la
809 3982 924 4036 Surtees
936 3981 1059 4050 Society,
1073 3981 1087 4034 h
1104 3981 1195 4036 Leeds
1208 3998 1244 4036 en
1258 3982 1332 4048 1874.

348 4131 363 4170 2
382 4133 416 4172 ac
431 4117 494 4171 0A.

347 4211 363 4264 4
384 4198 446 4252 lam
461 4196 518 4251 CB.

347 4291 361 4338 7
383 4277 487 4332 Paulus
500 4275 624 4330 caeleste
636 4274 742 4344 dogma
757 4275 812 4329 CB.

346 4349 361 4402 8
380 4347 458 4419 quod
470 4349 565 4402 trahat
579 4346 636 4401 CB.

332 4443 362 4480 ro
381 4445 438 4482 una
452 4428 668 4481 Hennensem

331 4522 340 4560 1
348 4520 360 4575 ς
382 4509 423 4562 La
436 4508 472 4561 fin
487 4509 523 4564 de
536 4518 611 4564 cette
625 4506 751 4562 clausule
765 4506 874 4561 semble
886 4521 1062 4576 corrompue.

330 4589 361 4641 16
382 4590 445 4641 Hoc
461 4588 517 4642 CB.
549 4589 620 4644 haec
634 4587 681 4644 die
696 4585 773 4641 CCC.
806 4585 853 4642 die
866 4587 942 4641 clara
957 4587 1014 4641 CB.

346 4719 427 4774 Cette
441 4719 530 4774 Prose
550 4728 630 4789 porte
651 4719 724 4774 dans
746 4719 808 4774 OA.
832 4717 1006 4773 l'indication
1029 4717 1159 4772 suivante
1176 4735 1182 4772 :
1202 4718 1294 4771 Prusa
1314 4718 1354 4770 ad
1371 4718 1573 4787 sequentiam:

310 4801 432 4853 Sanctus
439 4800 550 4854 Petrus.
572 4800 653 4854 Cette
666 4798 794 4854 mention
808 4817 825 4853 a
838 4815 889 4854 son
898 4798 1085 4870 importance.
1113 4799 1175 4852 Elle
1184 4815 1256 4853 nous
1267 4796 1383 4868 indique
1393 4813 1428 4851 en
1439 4797 1504 4851 effet
1518 4815 1573 4867 que

308 4895 380 4932 nous
393 4895 518 4933 sommes
531 4895 566 4934 en
578 4878 713 4933 iaced'un
733 4877 940 4934 remaniement
963 4877 1120 4948 posterieur
1140 4878 1223 4932 d’une
1244 4877 1324 4947 piece
1345 4877 1408 4948 plus
1432 4877 1572 4933 ancienne

308 4975 363 5027 que
375 4975 447 5014 nous
461 4959 623 5029 publierons
636 4959 700 5028 plus
713 4959 770 5013 loin
783 4976 788 5014 :
810 4961 934 5015 Sanctus
945 4958 1048 5014 Petrus
1061 4964 1088 5011 et
1109 4974 1232 5032 aternus
1248 4958 1367 5016 Paulus.
1398 4955 1570 5016 L’imitatiou

309 5038 449 5099 d’ailleurs
463 5049 505 5100 est
518 5038 659 5102 evidente.
