4116 5784
575 511 717 562 PROSAE
749 512 951 563 ECCLESIAE
980 512 1114 563 SANCTI
1144 511 1314 562 DIONlISII
1504 493 1576 581 367

627 705 644 771 3
1254 706 1276 766 4

410 829 495 892 Mox
511 836 667 892 truncato
683 827 793 908 capite
1033 826 1095 889 Vir
1111 825 1210 890 saluti
1226 825 1378 888 redditus

409 924 467 988 viri
478 922 607 986 ,mentis
623 921 775 984 concitae
1036 933 1136 1003 prout
1153 929 1224 984 erat
1240 920 1388 984 monitus

407 1025 623 1101 prosternunt
639 1017 672 1078 in
685 1015 817 1098 gurgite
1035 1017 1154 1098 paruit,
1170 1015 1331 1081 sollicitus

493 1132 613 1194 corpus
629 1131 776 1189 caesum;
1124 1113 1284 1195 imperio:

409 1214 581 1276 Immenso
596 1209 766 1274 volumine
1037 1209 1168 1293 Corpus
1184 1217 1329 1274 tractum
1350 1209 1448 1273 latice

407 1318 608 1388 temporum,
630 1305 663 1368 in
681 1305 819 1368 flumine
1038 1307 1125 1372 locat
1136 1307 1317 1372 honorifice

407 1403 514 1480 latuit,
527 1397 704 1484 putredine
1037 1412 1247 1468 constructae
1262 1403 1420 1468 basilicae

495 1515 666 1580 nunquam
680 1496 816 1562 laesum.
1123 1501 1276 1564 sacratio.
1350 1551 1354 1557 .

930 1627 946 1692 5

713 1740 812 1802 Nunc
828 1760 984 1822 praesens
1001 1741 1140 1806 ecclesia

712 1836 868 1917 martyris
878 1837 1067 1920 praesentia

712 1929 860 1994 exsultet
877 1931 1004 1995 laetitia

799 2025 943 2108 speciali,

713 2119 816 2186 Cuius
832 2139 967 2202 precum
984 2120 1102 2201 gratia,

713 2237 772 2298 per
787 2225 977 2298 temporum
994 2216 1111 2297 spatia,

715 2313 758 2375 sit
774 2331 930 2394 praesens
955 2310 1081 2373 familia

803 2426 924 2488 expers
941 2405 1028 2470 mali.

364 2601 556 2732 Μαὲηῖιεοὲῐ.
579 2595 694 2650 Palus:
716 2593 787 2647 Bibl.
803 2593 879 2660 Nat,
896 2605 971 2660 1107,
992 2593 1093 2646 Missel
1118 2594 1154 2648 de
1175 2593 1304 2665 l'abbaye
1324 2596 1360 2650 de
1383 2596 1586 2665 saint-Denys,

326 2676 414 2731 xinsi
435 2693 485 2744 ce,
536 2715 542 2729 .

548 2987 629 3058 259.
662 2963 737 3036 DE
767 2963 991 3037 SANCTO
1023 2963 1366 3038 PEREGRINO.

635 3219 646 3262 1
1266 3216 1283 3279 3

458 3337 585 3415 Gaude,
601 3337 695 3419 plebs
711 3337 861 3413 Autrica,
1091 3334 1224 3399 Gaudet
1240 3337 1318 3399 urbs
1336 3337 1491 3402 Romana

458 3453 558 3514 quarn
576 3432 665 3497 fraus
681 3433 816 3514 inimica
1088 3439 1185 3512 partu
1204 3440 1317 3495 tantae
1333 3433 1443 3514 prolis,

459 3529 628 3610 quondam
645 3529 708 3592 sub
724 3527 862 3609 antiqua
1089 3546 1156 3608 qua
1171 3526 1310 3590 deorum
1328 3528 1405 3591 fana

418 3623 523 3706 [lusit]
540 3623 695 3688 idolatria
708 3645 716 3702 ;

460 3719 561 3784 Solve
577 3729 635 3783 tuo
651 3719 737 3801 patri

461 3815 585 3892 laudes,
601 3816 694 3878 cuius
711 3815 772 3877 atri

460 3932 480 3974 a
495 3910 612 3974 vinclis
627 3908 774 3974 barathri

417 4006 553 4070 solveris
568 4005 740 4070 industria.

633 4163 651 4210 2

461 4283 533 4348 Nos
549 4305 682 4369 quoque
698 4282 819 4365 singuli

460 4399 620 4445 canamus
635 4379 742 4443 seduli

460 4477 625 4557 praesenti
642 4475 784 4558 praesuli

418 4573 583 4636 canticum
601 4571 768 4650 laetitiae;

460 4667 563 4733 Cuius
579 4668 767 4751 praesentia

463 4763 636 4836 conserens
652 4763 784 4846 gaudia,

463 4881 538 4943 spes
554 4869 588 4924 et
604 4858 732 4922 laetitia

421 4956 604 5038 praesentis
620 4954 786 5020 ecclesiae.

1090 3623 1216 3686 cadunt
1231 3643 1307 3686 cum
1325 3624 1422 3688 idolis
1435 3647 1443 3705 ;

1092 3717 1204 3799 Magis
1220 3717 1406 3783 Autricana

1090 3813 1147 3875 diu
1164 3822 1258 3876 tenta
1273 3815 1368 3892 dolis,

1091 3927 1157 3990 qua
1174 3908 1364 3992 relinquens
1379 3931 1466 3974 vana

1090 4004 1204 4066 iuncta
1221 4003 1435 4070 Christicolis.

1262 4163 1284 4224 4

1093 4283 1194 4346 Hunc
1212 4283 1330 4348 Sixtus
1346 4287 1493 4351 destinat

1092 4379 1135 4442 ad
1152 4388 1263 4462 partes
1280 4379 1417 4461 Galliae,

1092 4495 1190 4556 quem
1208 4475 1268 4539 lux
1285 4475 1451 4543 illuminat

1092 4571 1244 4636 caelestis
1260 4573 1396 4655 gratiae,

1092 4666 1310 4750 Granumque
1326 4672 1469 4736 seminat

1092 4763 1194 4826 verbo
1210 4763 1415 4846 prudentiae,

1092 4859 1267 4922 daemonis
1284 4861 1441 4927 terminat

1094 4953 1227 5019 fraudes
1243 4958 1419 5040 nequitiae,
