4094 5796
630 525 772 578 PROSAE
798 527 1001 584 ECCLESIAE
1027 533 1318 589 ANDEGAVENSIS
1559 537 1603 616 73

381 825 435 898 50.
468 805 527 880 IN
561 807 925 886 RECEPTIONE
958 814 1193 891 BRACHII
1225 818 1263 896 S.
1288 819 1564 900 MAVRICII.

650 1067 662 1114 1
1017 1061 1124 1128 Nobis
1140 1064 1221 1131 illud
1238 1067 1421 1134 destinavit

384 1178 500 1246 clerus
516 1182 819 1269 [andegavensium
1015 1167 1048 1222 et
1064 1180 1126 1226 nos
1142 1170 1238 1228 tanto
1254 1166 1427 1276 decoravit

384 1275 505 1358 psallat
521 1299 598 1344 cum
614 1281 714 1346 turba
729 1283 861 1364 civium,
1059 1277 1108 1320 ‘⁷¹¹
1123 1257 1235 1342 largus
1252 1281 1385 1328 exen¹0·

385 1370 484 1455 Quod
502 1374 656 1440 Mauricii
672 1377 847 1445 brachium
1278 1442 1299 1505 6
1365 1455 1367 1458 Ι

384 1467 481 1533 nobis
497 1471 589 1537 misit
606 1473 808 1543 Bizantium.

645 1629 663 1676 ²
1015 1623 1126 1688 Huius
1142 1646 1223 1709 ergo
1238 1647 1340 1692 causa
1357 1630 1402 1692 rei

383 1743 762 1832 constantinopolitana
1013 1719 1136 1784 festum
1153 1721 1217 1787 hoc
1233 1725 1275 1788 ad
1293 1724 1428 1788 laudem
1446 1724 1520 1802 Dei,

380 1841 507 1920 civitas,
523 1843 580 1908 diu
596 1847 738 1927 profana
1013 1833 1088 1878 cum
1105 1817 1260 1884 ⁵0¹leffl¹¹5
1276 1821 1411 1932 8³1¹de

466 1951 645 2020 manserat,
1011 1911 1160 1978 celebrat
1174 1915 1258 1980 haec
1274 1938 1401 1982 eonem.

380 2032 424 2097 Et
440 2034 563 2099 duriti,
579 2056 704 2102 vesana
1011 2005 1084 2069 Nos
1100 2009 1163 2073 hoc
1179 2010 1302 2076 festum
1319 2032 1526 2092 veneremur,

379 2127 540 2212 dogmata
556 2152 650 2199 sacra
668 2135 824 2203 Romana
1010 2103 1130 2168 ducem
1148 2117 1300 2172 nostrum
1317 2111 1545 2193 deprecemur,

465 2239 643 2310 spreverat.
1013 2207 1050 2262 ut
1066 2201 1223 2266 Virtutem
1240 2207 1366 2288 ΡΥΟΡΥῘῙ

641 2377 658 2442 3
1012 2296 1205 2363 manifestet
1220 2300 1357 2366 brachii.

381 2489 501 2556 Franci
518 2492 621 2559 sortes
636 2500 859 2584 accinguntur
1274 2485 1293 2552 7

378 2584 518 2652 Venetis
534 2591 691 2657 associati
705 2615 713 2671 ;
1099 2639 1143 2703 Et
1159 2639 1256 2705 nobis
1274 2643 1369 2706 utilia

379 2680 505 2748 Urbem
521 2685 608 2750 hanc
624 2693 886 2773 aggrediuntur:
1094 2735 1245 2800 conferat
1262 2737 1409 2801 remedia

374 2778 499 2844 cadunt
516 2781 634 2850 Graeci
651 2791 808 2870 superati.
1094 2833 1190 2917 Quae
1205 2836 1315 2900 solent
1331 2858 1389 2920 pes
1404 2838 1505 2902 fortia

635 2943 657 3004 4
1092 2937 1240 3000 exerceri
1257 2936 1393 3001 brachia
1408 2959 1416 3017 ;

372 3051 610 3139 Archipraesul
629 3061 863 3147 Philippensis,
1264 3117 1282 3178 3

369 3168 491 3231 genere
508 3154 804 3242 Rothomagensis,

412 3246 550 3314 Francis
566 3273 665 3336 Opem
682 3257 846 3340 praebuit,
1044 3281 1094 3346 Ut
1110 3294 1277 3349 sustentet
1294 3306 1354 3350 nos
1367 3287 1526 3351 cadentes

371 3341 415 3405 Et
431 3343 474 3407 de
490 3346 588 3410 rebus
604 3350 759 3428 Civitatis,
1042 3386 1076 3442 et
1092 3377 1252 3444 defendat
1269 3381 1482 3464 impotentes,

368 3438 411 3502 ob
428 3443 616 3507 mercedem
633 3447 819 3529 probitatis,
1043 3473 1235 3555 Benedicat,
1251 3478 1483 3560 amplectatur,

409 3555 491 3617 Opes
508 3537 631 3604 multas
647 3543 774 3610 habuit·
1041 3571 1183 3652 sparsim
1201 3572 1291 3637 dona
1308 3573 1469 3658 largiatur
1485 3597 1493 3655 ;

633 3694 648 3761 5

366 3807 432 3892 Qui
448 3817 632 3896 prudenter
647 3833 876 3902 perscrutatus
1260 3768 1282 3833 9

367 3925 417 3970 res
433 3929 516 3991 quas
532 3923 604 3977 erat
620 3914 674 3980 hic
690 3916 847 3998 lucratus,
1040 3930 1195 3996 Tandem
1212 3953 1272 3997 sua
1288 3934 1432 3999 dextera

409 4004 472 4070 hoc
488 4019 621 4090 reperto
636 4011 782 4093 brachio,
1041 4036 1152 4107 portet
1169 4047 1230 4092 nos
1246 4030 1279 4092 in
1296 4031 1442 4098 aethera.

358 4231 551 4290 Manuscrit.
567 4235 664 4292 Pnars
681 4255 688 4292 ε
702 4238 773 4294 Bibl.
788 4242 864 4316 Nat,
878 4244 939 4318 868,
954 4247 1054 4308 Missel
1068 4249 1216 4324 d’Angers‚
1229 4253 1370 4324 xv⁰siecle‚
1383 4255 1417 4311 Z.

361 4347 408 4404 11)
438 4354 531 4407 turma
544 4349 730 4426 Andagaven.
