<?xml version="1.0" encoding="UTF-8"?>
<!DOCTYPE html PUBLIC "-//W3C//DTD XHTML 1.0 Transitional//EN"
    "http://www.w3.org/TR/xhtml1/DTD/xhtml1-transitional.dtd">
<html xmlns="http://www.w3.org/1999/xhtml" xml:lang="en" lang="en">
 <head>
  <title>
</title>
<meta http-equiv="Content-Type" content="text/html;charset=utf-8" />
  <meta name='ocr-system' content='tesseract 3.04.00' />
  <meta name='ocr-capabilities' content='ocr_page ocr_carea ocr_par ocr_line ocrx_word'/>
</head>
<body>
  <div class='ocr_page' id='page_1' title='image "./analectaliturgi00wealgoog/analectaliturgi00wealgoog_0344.png"; bbox 0 0 4116 5784; ppageno 0'>
   <div class='ocr_carea' id='block_1_1' title="bbox 655 539 1603 630">
    <p class='ocr_par' dir='ltr' id='par_1_1' title="bbox 655 539 1603 630">
     <span class='ocr_line' id='line_1_1' title="bbox 655 539 1603 630; baseline 0.028 -40"><span class='ocrx_word' id='word_1_1' title='bbox 655 539 800 593; x_wconf 79' lang='lat' dir='ltr'>PROSAE</span> <span class='ocrx_word' id='word_1_2' title='bbox 830 543 1034 597; x_wconf 86' lang='lat' dir='ltr'>ECCLESIAE</span> <span class='ocrx_word' id='word_1_3' title='bbox 1063 549 1299 603; x_wconf 82' lang='lat' dir='ltr'>MORINENSIS</span> <span class='ocrx_word' id='word_1_4' title='bbox 1530 555 1603 630; x_wconf 80' lang='grc'>337</span> 
     </span>
    </p>
   </div>
   <div class='ocr_carea' id='block_1_2' title="bbox 617 719 1316 811">
    <p class='ocr_par' dir='ltr' id='par_1_2' title="bbox 617 719 1316 811">
     <span class='ocr_line' id='line_1_2' title="bbox 617 719 1316 811; baseline 0.026 -21"><span class='ocrx_word' id='word_1_5' title='bbox 617 741 699 811; x_wconf 85' lang='lat'>229.</span> <span class='ocrx_word' id='word_1_6' title='bbox 737 719 811 794; x_wconf 91' lang='lat' dir='ltr'>DE</span> <span class='ocrx_word' id='word_1_7' title='bbox 847 721 1072 801; x_wconf 90' lang='lat' dir='ltr'>SANCTO</span> <span class='ocrx_word' id='word_1_8' title='bbox 1107 727 1316 807; x_wconf 87' lang='lat' dir='ltr'>ELlGlO.</span> 
     </span>
    </p>
   </div>
   <div class='ocr_carea' id='block_1_3' title="bbox 426 907 746 1060">
    <p class='ocr_par' dir='ltr' id='par_1_3' title="bbox 426 907 746 1060">
     <span class='ocr_line' id='line_1_3' title="bbox 426 907 746 1060; baseline 0.013 -22"><span class='ocrx_word' id='word_1_9' title='bbox 426 973 580 1040; x_wconf 89' lang='lat' dir='ltr'>Electum</span> <span class='ocrx_word' id='word_1_10' title='bbox 597 907 746 1060; x_wconf 73' lang='lat' dir='ltr'>Eligium</span> 
     </span>
    </p>
   </div>
   <div class='ocr_carea' id='block_1_4' title="bbox 423 1071 865 1642">
    <p class='ocr_par' dir='ltr' id='par_1_4' title="bbox 423 1071 865 1642">
     <span class='ocr_line' id='line_1_4' title="bbox 424 1071 823 1160; baseline 0.02 -26"><span class='ocrx_word' id='word_1_11' title='bbox 424 1071 538 1136; x_wconf 89' lang='lat' dir='ltr'>laudet</span> <span class='ocrx_word' id='word_1_12' title='bbox 553 1071 618 1136; x_wconf 90' lang='lat' dir='ltr'>hoc</span> <span class='ocrx_word' id='word_1_13' title='bbox 634 1075 823 1160; x_wconf 89' lang='lat' dir='ltr'>collegium,</span> 
     </span>
     <span class='ocr_line' id='line_1_5' title="bbox 423 1171 766 1256; baseline 0.017 -24"><span class='ocrx_word' id='word_1_14' title='bbox 423 1188 489 1233; x_wconf 92' lang='lat' dir='ltr'>una</span> <span class='ocrx_word' id='word_1_15' title='bbox 505 1190 574 1233; x_wconf 92' lang='lat' dir='ltr'>vox</span> <span class='ocrx_word' id='word_1_16' title='bbox 590 1171 633 1234; x_wconf 91' lang='lat' dir='ltr'>ad</span> <span class='ocrx_word' id='word_1_17' title='bbox 650 1171 766 1256; x_wconf 87' lang='lat' dir='ltr'>ligium</span> 
     </span>
     <span class='ocr_line' id='line_1_6' title="bbox 465 1268 826 1352; baseline 0.014 -23"><span class='ocrx_word' id='word_1_18' title='bbox 465 1268 616 1331; x_wconf 91' lang='lat' dir='ltr'>omnium</span> <span class='ocrx_word' id='word_1_19' title='bbox 632 1271 810 1352; x_wconf 89' lang='lat' dir='ltr'>pandatur,</span> <span class='ocrx_word' id='word_1_20' title='bbox 823 1283 826 1290; x_wconf 86' lang='lat'>&#39;</span> 
     </span>
     <span class='ocr_line' id='line_1_7' title="bbox 424 1361 865 1449; baseline 0.018 -25"><span class='ocrx_word' id='word_1_21' title='bbox 424 1361 491 1446; x_wconf 82' lang='lat' dir='ltr'>Qui</span> <span class='ocrx_word' id='word_1_22' title='bbox 508 1365 624 1427; x_wconf 91' lang='lat' dir='ltr'>matris</span> <span class='ocrx_word' id='word_1_23' title='bbox 641 1366 673 1427; x_wconf 94' lang='lat' dir='ltr'>in</span> <span class='ocrx_word' id='word_1_24' title='bbox 690 1369 865 1449; x_wconf 84' lang='lat' dir='ltr'>gremium,</span> 
     </span>
     <span class='ocr_line' id='line_1_8' title="bbox 424 1459 812 1543; baseline 0.018 -23"><span class='ocrx_word' id='word_1_25' title='bbox 424 1459 555 1540; x_wconf 87' lang='lat' dir='ltr'>aquilae</span> <span class='ocrx_word' id='word_1_26' title='bbox 570 1481 630 1543; x_wconf 90' lang='lat' dir='ltr'>per</span> <span class='ocrx_word' id='word_1_27' title='bbox 647 1464 812 1540; x_wconf 92' lang='lat' dir='ltr'>nuntium,</span> 
     </span>
     <span class='ocr_line' id='line_1_9' title="bbox 425 1558 841 1642; baseline 0.014 -25"><span class='ocrx_word' id='word_1_28' title='bbox 425 1575 567 1636; x_wconf 86' lang='lat' dir='ltr'>magnus</span> <span class='ocrx_word' id='word_1_29' title='bbox 583 1558 625 1620; x_wconf 89' lang='lat' dir='ltr'>ad</span> <span class='ocrx_word' id='word_1_30' title='bbox 643 1558 841 1642; x_wconf 86' lang='lat' dir='ltr'>obsequium</span> 
     </span>
    </p>
   </div>
   <div class='ocr_carea' id='block_1_5' title="bbox 425 1650 787 1916">
    <p class='ocr_par' dir='ltr' id='par_1_5' title="bbox 425 1650 787 1916">
     <span class='ocr_line' id='line_1_10' title="bbox 466 1650 787 1719; baseline 0.012 -4"><span class='ocrx_word' id='word_1_31' title='bbox 466 1650 590 1716; x_wconf 88' lang='lat' dir='ltr'><strong>Christi</strong></span> <span class='ocrx_word' id='word_1_32' title='bbox 608 1655 787 1719; x_wconf 87' lang='lat' dir='ltr'>nuntiatur.</span> 
     </span>
     <span class='ocr_line' id='line_1_11' title="bbox 425 1763 747 1916; baseline 0.012 -22"><span class='ocrx_word' id='word_1_33' title='bbox 425 1830 621 1895; x_wconf 90' lang='lat' dir='ltr'>Lemovicas</span> <span class='ocrx_word' id='word_1_34' title='bbox 638 1763 747 1916; x_wconf 52' lang='lat' dir='ltr'>patria</span> 
     </span>
    </p>
   </div>
   <div class='ocr_carea' id='block_1_6' title="bbox 420 1926 831 2570">
    <p class='ocr_par' dir='ltr' id='par_1_6' title="bbox 424 1926 831 2011">
     <span class='ocr_line' id='line_1_12' title="bbox 424 1926 831 2011; baseline 0.015 -23"><span class='ocrx_word' id='word_1_35' title='bbox 424 1926 485 1990; x_wconf 85' lang='lat' dir='ltr'>luit</span> <span class='ocrx_word' id='word_1_36' title='bbox 500 1926 586 2004; x_wconf 92' lang='lat' dir='ltr'>huic,</span> <span class='ocrx_word' id='word_1_37' title='bbox 602 1949 701 2011; x_wconf 89' lang='lat' dir='ltr'>quern</span> <span class='ocrx_word' id='word_1_38' title='bbox 720 1931 831 1995; x_wconf 89' lang='lat' dir='ltr'>Gallia</span> 
     </span>
    </p>

    <p class='ocr_par' dir='ltr' id='par_1_7' title="bbox 422 2024 798 2202">
     <span class='ocr_line' id='line_1_13' title="bbox 422 2024 704 2106; baseline 0.007 -20"><span class='ocrx_word' id='word_1_39' title='bbox 422 2024 567 2086; x_wconf 90' lang='lat' dir='ltr'>doctoris</span> <span class='ocrx_word' id='word_1_40' title='bbox 584 2025 704 2106; x_wconf 90' lang='lat' dir='ltr'>peritia</span> 
     </span>
     <span class='ocr_line' id='line_1_14' title="bbox 463 2117 798 2202; baseline 0.015 -20"><span class='ocrx_word' id='word_1_41' title='bbox 463 2117 595 2183; x_wconf 84' lang='lat' dir='ltr'>fabrum</span> <span class='ocrx_word' id='word_1_42' title='bbox 612 2119 688 2185; x_wconf 85' lang='lat' dir='ltr'>iecit</span> <span class='ocrx_word' id='word_1_43' title='bbox 706 2123 798 2202; x_wconf 88' lang='lat' dir='ltr'>auri;</span> 
     </span>
    </p>

    <p class='ocr_par' dir='ltr' id='par_1_8' title="bbox 422 2216 768 2298">
     <span class='ocr_line' id='line_1_15' title="bbox 422 2216 768 2298; baseline 0.012 -20"><span class='ocrx_word' id='word_1_44' title='bbox 422 2216 507 2279; x_wconf 89' lang='lat' dir='ltr'>Mox</span> <span class='ocrx_word' id='word_1_45' title='bbox 524 2217 610 2298; x_wconf 86' lang='lat' dir='ltr'>regis</span> <span class='ocrx_word' id='word_1_46' title='bbox 627 2217 659 2280; x_wconf 93' lang='lat' dir='ltr'>in</span> <span class='ocrx_word' id='word_1_47' title='bbox 677 2219 768 2282; x_wconf 87' lang='lat' dir='ltr'>curia</span> 
     </span>
    </p>

    <p class='ocr_par' dir='ltr' id='par_1_9' title="bbox 420 2310 701 2378">
     <span class='ocr_line' id='line_1_16' title="bbox 420 2310 701 2378; baseline 0.011 -4"><span class='ocrx_word' id='word_1_48' title='bbox 420 2310 559 2376; x_wconf 80' lang='lat' dir='ltr'>fabricat</span> <span class='ocrx_word' id='word_1_49' title='bbox 575 2312 701 2378; x_wconf 86' lang='lat' dir='ltr'>eximia</span> 
     </span>
    </p>

    <p class='ocr_par' dir='ltr' id='par_1_10' title="bbox 421 2408 785 2570">
     <span class='ocr_line' id='line_1_17' title="bbox 421 2408 746 2492; baseline 0.012 -22"><span class='ocrx_word' id='word_1_50' title='bbox 421 2408 510 2491; x_wconf 92' lang='lat' dir='ltr'>prius</span> <span class='ocrx_word' id='word_1_51' title='bbox 527 2409 569 2472; x_wconf 86' lang='lat' dir='ltr'>ad</span> <span class='ocrx_word' id='word_1_52' title='bbox 585 2408 746 2492; x_wconf 89' lang='lat' dir='ltr'>obsequia</span> 
     </span>
     <span class='ocr_line' id='line_1_18' title="bbox 464 2505 785 2570; baseline 0.006 -2"><span class='ocrx_word' id='word_1_53' title='bbox 464 2506 611 2569; x_wconf 90' lang='lat' dir='ltr'>custodis</span> <span class='ocrx_word' id='word_1_54' title='bbox 627 2505 785 2570; x_wconf 85' lang='lat' dir='ltr'><strong>thesauri.</strong></span> 
     </span>
    </p>
   </div>
   <div class='ocr_carea' id='block_1_7' title="bbox 421 2615 730 2750">
    <p class='ocr_par' dir='ltr' id='par_1_11' title="bbox 421 2615 730 2750">
     <span class='ocr_line' id='line_1_19' title="bbox 421 2615 730 2750; baseline 0 0"><span class='ocrx_word' id='word_1_55' title='bbox 421 2682 557 2750; x_wconf 91' lang='lat' dir='ltr'>Cubans</span> <span class='ocrx_word' id='word_1_56' title='bbox 573 2685 606 2748; x_wconf 96' lang='lat' dir='ltr'>in</span> <span class='ocrx_word' id='word_1_57' title='bbox 622 2615 730 2750; x_wconf 66' lang='lat' dir='ltr'>cilicio</span> 
     </span>
    </p>
   </div>
   <div class='ocr_carea' id='block_1_8' title="bbox 415 2780 827 3438">
    <p class='ocr_par' dir='ltr' id='par_1_12' title="bbox 419 2780 733 2845">
     <span class='ocr_line' id='line_1_20' title="bbox 419 2780 733 2845; baseline 0.006 -2"><span class='ocrx_word' id='word_1_58' title='bbox 419 2780 535 2845; x_wconf 90' lang='lat' dir='ltr'>didicit</span> <span class='ocrx_word' id='word_1_59' title='bbox 551 2781 584 2844; x_wconf 94' lang='lat' dir='ltr'>in</span> <span class='ocrx_word' id='word_1_60' title='bbox 601 2782 733 2845; x_wconf 93' lang='lat' dir='ltr'>somnio</span> 
     </span>
    </p>

    <p class='ocr_par' dir='ltr' id='par_1_13' title="bbox 420 2875 768 3056">
     <span class='ocr_line' id='line_1_21' title="bbox 420 2875 740 2958; baseline 0.006 -20"><span class='ocrx_word' id='word_1_61' title='bbox 420 2895 479 2939; x_wconf 90' lang='lat' dir='ltr'>sua</span> <span class='ocrx_word' id='word_1_62' title='bbox 494 2876 585 2958; x_wconf 90' lang='lat' dir='ltr'>quod</span> <span class='ocrx_word' id='word_1_63' title='bbox 601 2875 740 2940; x_wconf 90' lang='lat' dir='ltr'>afflictio</span> 
     </span>
     <span class='ocr_line' id='line_1_22' title="bbox 462 2971 768 3056; baseline 0.01 -22"><span class='ocrx_word' id='word_1_64' title='bbox 462 2971 538 3035; x_wconf 91' lang='lat' dir='ltr'>Deo</span> <span class='ocrx_word' id='word_1_65' title='bbox 554 2971 591 3036; x_wconf 85' lang='lat' dir='ltr'>fit</span> <span class='ocrx_word' id='word_1_66' title='bbox 607 2981 745 3056; x_wconf 88' lang='lat' dir='ltr'>accepta</span> <span class='ocrx_word' id='word_1_67' title='bbox 759 2994 768 3051; x_wconf 93' lang='lat'>;</span> 
     </span>
    </p>

    <p class='ocr_par' dir='ltr' id='par_1_14' title="bbox 417 3065 775 3151">
     <span class='ocr_line' id='line_1_23' title="bbox 417 3065 775 3151; baseline 0.003 -20"><span class='ocrx_word' id='word_1_68' title='bbox 417 3065 474 3131; x_wconf 89' lang='lat' dir='ltr'>Ab</span> <span class='ocrx_word' id='word_1_69' title='bbox 490 3067 560 3131; x_wconf 91' lang='lat' dir='ltr'>eius</span> <span class='ocrx_word' id='word_1_70' title='bbox 577 3087 654 3130; x_wconf 90' lang='lat' dir='ltr'>nam</span> <span class='ocrx_word' id='word_1_71' title='bbox 672 3067 775 3151; x_wconf 91' lang='lat' dir='ltr'>pallio</span> 
     </span>
    </p>

    <p class='ocr_par' dir='ltr' id='par_1_15' title="bbox 416 3162 719 3246">
     <span class='ocr_line' id='line_1_24' title="bbox 416 3162 719 3246; baseline 0.003 -20"><span class='ocrx_word' id='word_1_72' title='bbox 416 3162 555 3227; x_wconf 88' lang='lat' dir='ltr'>balsami</span> <span class='ocrx_word' id='word_1_73' title='bbox 572 3163 719 3246; x_wconf 83' lang='lat' dir='ltr'>perfusio</span> 
     </span>
    </p>

    <p class='ocr_par' dir='ltr' id='par_1_16' title="bbox 415 3255 827 3438">
     <span class='ocr_line' id='line_1_25' title="bbox 415 3255 827 3342; baseline 0.007 -21"><span class='ocrx_word' id='word_1_74' title='bbox 415 3255 548 3342; x_wconf 79' lang='lat' dir='ltr'>fragrat,</span> <span class='ocrx_word' id='word_1_75' title='bbox 564 3279 650 3342; x_wconf 91' lang='lat' dir='ltr'>quae</span> <span class='ocrx_word' id='word_1_76' title='bbox 666 3261 827 3342; x_wconf 88' lang='lat' dir='ltr'>mysterio</span> 
     </span>
     <span class='ocr_line' id='line_1_26' title="bbox 456 3355 773 3438; baseline 0.013 -21"><span class='ocrx_word' id='word_1_77' title='bbox 456 3363 557 3436; x_wconf 87' lang='lat' dir='ltr'>caput</span> <span class='ocrx_word' id='word_1_78' title='bbox 574 3364 624 3418; x_wconf 89' lang='lat' dir='ltr'>est</span> <span class='ocrx_word' id='word_1_79' title='bbox 640 3355 773 3438; x_wconf 89' lang='lat' dir='ltr'>adepta.</span> 
     </span>
    </p>
   </div>
   <div class='ocr_carea' id='block_1_9' title="bbox 631 3465 654 3527">
    <p class='ocr_par' dir='ltr' id='par_1_17' title="bbox 631 3465 654 3527">
     <span class='ocr_line' id='line_1_27' title="bbox 631 3465 654 3527; baseline 0 0"><span class='ocrx_word' id='word_1_80' title='bbox 631 3465 654 3527; x_wconf 91' lang='lat'><strong>4</strong></span> 
     </span>
    </p>
   </div>
   <div class='ocr_carea' id='block_1_10' title="bbox 417 3532 897 3618">
    <p class='ocr_par' dir='ltr' id='par_1_18' title="bbox 417 3532 897 3618">
     <span class='ocr_line' id='line_1_28' title="bbox 417 3532 897 3618; baseline 0.01 -22"><span class='ocrx_word' id='word_1_81' title='bbox 417 3532 482 3596; x_wconf 90' lang='lat' dir='ltr'>Hic</span> <span class='ocrx_word' id='word_1_82' title='bbox 498 3553 533 3597; x_wconf 92' lang='lat' dir='ltr'>se</span> <span class='ocrx_word' id='word_1_83' title='bbox 549 3554 610 3616; x_wconf 93' lang='lat' dir='ltr'>pro</span> <span class='ocrx_word' id='word_1_84' title='bbox 626 3536 827 3618; x_wconf 90' lang='lat' dir='ltr'>pauperibus</span> <span class='ocrx_word' id='word_1_85' title='bbox 894 3573 897 3580; x_wconf 87' lang='lat'><strong>.</strong></span> 
     </span>
    </p>
   </div>
   <div class='ocr_carea' id='block_1_11' title="bbox 414 3632 834 4294">
    <p class='ocr_par' dir='ltr' id='par_1_19' title="bbox 414 3632 834 4294">
     <span class='ocr_line' id='line_1_29' title="bbox 414 3632 777 3715; baseline 0.011 -20"><span class='ocrx_word' id='word_1_86' title='bbox 414 3633 563 3715; x_wconf 89' lang='lat' dir='ltr'>spolians</span> <span class='ocrx_word' id='word_1_87' title='bbox 580 3632 777 3715; x_wconf 83' lang='lat' dir='ltr'>foeneribus,</span> 
     </span>
     <span class='ocr_line' id='line_1_30' title="bbox 415 3730 728 3815; baseline 0.006 -22"><span class='ocrx_word' id='word_1_88' title='bbox 415 3730 546 3795; x_wconf 88' lang='lat' dir='ltr'>inhians</span> <span class='ocrx_word' id='word_1_89' title='bbox 562 3731 728 3815; x_wconf 87' lang='lat' dir='ltr'>operibus,</span> 
     </span>
     <span class='ocr_line' id='line_1_31' title="bbox 457 3829 783 3913; baseline 0.012 -21"><span class='ocrx_word' id='word_1_90' title='bbox 457 3829 590 3912; x_wconf 86' lang='lat' dir='ltr'>regibus</span> <span class='ocrx_word' id='word_1_91' title='bbox 607 3829 644 3895; x_wconf 88' lang='lat' dir='ltr'>fit</span> <span class='ocrx_word' id='word_1_92' title='bbox 658 3840 783 3913; x_wconf 82' lang='lat' dir='ltr'>gratus,</span> 
     </span>
     <span class='ocr_line' id='line_1_32' title="bbox 416 3925 834 4012; baseline 0.017 -22"><span class='ocrx_word' id='word_1_93' title='bbox 416 3925 616 4011; x_wconf 89' lang='lat' dir='ltr'>Horumque</span> <span class='ocrx_word' id='word_1_94' title='bbox 632 3932 834 4012; x_wconf 91' lang='lat' dir='ltr'>muneribus,</span> 
     </span>
     <span class='ocr_line' id='line_1_33' title="bbox 414 4023 765 4108; baseline 0.014 -21"><span class='ocrx_word' id='word_1_95' title='bbox 414 4023 584 4090; x_wconf 83' lang='lat' dir='ltr'>fabricatis</span> <span class='ocrx_word' id='word_1_96' title='bbox 598 4027 765 4108; x_wconf 89' lang='lat' dir='ltr'>domibus,</span> 
     </span>
     <span class='ocr_line' id='line_1_34' title="bbox 416 4125 800 4194; baseline 0.018 -7"><span class='ocrx_word' id='word_1_97' title='bbox 416 4125 597 4188; x_wconf 89' lang='lat' dir='ltr'>monachos</span> <span class='ocrx_word' id='word_1_98' title='bbox 614 4126 800 4194; x_wconf 90' lang='lat' dir='ltr'>redditibus</span> 
     </span>
     <span class='ocr_line' id='line_1_35' title="bbox 457 4223 782 4294; baseline 0.018 -7"><span class='ocrx_word' id='word_1_99' title='bbox 457 4223 544 4288; x_wconf 86' lang='lat' dir='ltr'>ditat</span> <span class='ocrx_word' id='word_1_100' title='bbox 560 4224 610 4287; x_wconf 93' lang='lat' dir='ltr'>vir</span> <span class='ocrx_word' id='word_1_101' title='bbox 624 4235 782 4294; x_wconf 85' lang='lat' dir='ltr'>sacratus.</span> 
     </span>
    </p>
   </div>
   <div class='ocr_carea' id='block_1_12' title="bbox 633 4331 649 4398">
    <p class='ocr_par' dir='ltr' id='par_1_20' title="bbox 633 4331 649 4398">
     <span class='ocr_line' id='line_1_36' title="bbox 633 4331 649 4398; baseline 0 0"><span class='ocrx_word' id='word_1_102' title='bbox 633 4331 649 4398; x_wconf 80' lang='lat'>5</span> 
     </span>
    </p>
   </div>
   <div class='ocr_carea' id='block_1_13' title="bbox 410 4401 782 4781">
    <p class='ocr_par' dir='ltr' id='par_1_21' title="bbox 411 4401 747 4472">
     <span class='ocr_line' id='line_1_37' title="bbox 411 4401 747 4472; baseline 0.015 -6"><span class='ocrx_word' id='word_1_103' title='bbox 411 4401 614 4467; x_wconf 89' lang='lat' dir='ltr'>Tricentena</span> <span class='ocrx_word' id='word_1_104' title='bbox 629 4407 747 4472; x_wconf 91' lang='lat' dir='ltr'>concio</span> 
     </span>
    </p>

    <p class='ocr_par' dir='ltr' id='par_1_22' title="bbox 411 4501 757 4586">
     <span class='ocr_line' id='line_1_38' title="bbox 411 4501 757 4586; baseline 0.02 -22"><span class='ocrx_word' id='word_1_105' title='bbox 411 4501 576 4586; x_wconf 83' lang='lat' dir='ltr'>virginum</span> <span class='ocrx_word' id='word_1_106' title='bbox 593 4505 757 4571; x_wconf 89' lang='lat' dir='ltr'>coenobio</span> 
     </span>
    </p>

    <p class='ocr_par' dir='ltr' id='par_1_23' title="bbox 410 4599 782 4781">
     <span class='ocr_line' id='line_1_39' title="bbox 410 4599 697 4684; baseline 0.014 -22"><span class='ocrx_word' id='word_1_107' title='bbox 410 4599 510 4664; x_wconf 85' lang='lat' dir='ltr'>datur</span> <span class='ocrx_word' id='word_1_108' title='bbox 525 4600 568 4664; x_wconf 87' lang='lat' dir='ltr'>ab</span> <span class='ocrx_word' id='word_1_109' title='bbox 586 4599 697 4684; x_wconf 86' lang='lat' dir='ltr'>Eligio</span> 
     </span>
     <span class='ocr_line' id='line_1_40' title="bbox 455 4699 782 4781; baseline 0.015 -20"><span class='ocrx_word' id='word_1_110' title='bbox 455 4699 546 4762; x_wconf 92' lang='lat' dir='ltr'>miris</span> <span class='ocrx_word' id='word_1_111' title='bbox 562 4711 758 4766; x_wconf 88' lang='lat' dir='ltr'>coruscante</span> <span class='ocrx_word' id='word_1_112' title='bbox 774 4724 782 4781; x_wconf 94' lang='lat'>;</span> 
     </span>
    </p>
   </div>
   <div class='ocr_carea' id='block_1_14' title="bbox 365 4821 966 4895">
    <p class='ocr_par' dir='ltr' id='par_1_24' title="bbox 365 4821 966 4895">
     <span class='ocr_line' id='line_1_41' title="bbox 365 4821 966 4895; baseline 0.007 -21"><span class='ocrx_word' id='word_1_113' title='bbox 365 4833 376 4872; x_wconf 86' lang='lat'>1</span> <span class='ocrx_word' id='word_1_114' title='bbox 392 4835 412 4875; x_wconf 79' lang='lat' dir='ltr'>a</span> <span class='ocrx_word' id='word_1_115' title='bbox 444 4821 595 4876; x_wconf 86' lang='lat' dir='ltr'>Deiectum</span> <span class='ocrx_word' id='word_1_116' title='bbox 610 4822 754 4879; x_wconf 78' lang='lat' dir='ltr'>Mon‘nen.</span> <span class='ocrx_word' id='word_1_117' title='bbox 768 4839 777 4878; x_wconf 86' lang='lat' dir='ltr'>r</span> <span class='ocrx_word' id='word_1_118' title='bbox 783 4824 833 4894; x_wconf 83' lang='lat'>518</span> <span class='ocrx_word' id='word_1_119' title='bbox 847 4834 874 4880; x_wconf 85' lang='lat' dir='ltr'>et</span> <span class='ocrx_word' id='word_1_120' title='bbox 891 4838 966 4895; x_wconf 79' lang='lat'>1523.</span> 
     </span>
    </p>
   </div>
   <div class='ocr_carea' id='block_1_15' title="bbox 1053 897 1528 2058">
    <p class='ocr_par' dir='ltr' id='par_1_25' title="bbox 1056 897 1448 985">
     <span class='ocr_line' id='line_1_42' title="bbox 1056 897 1448 985; baseline 0.015 -25"><span class='ocrx_word' id='word_1_121' title='bbox 1056 897 1168 963; x_wconf 90' lang='lat' dir='ltr'>Adest</span> <span class='ocrx_word' id='word_1_122' title='bbox 1184 920 1264 965; x_wconf 89' lang='lat' dir='ltr'>nam</span> <span class='ocrx_word' id='word_1_123' title='bbox 1281 902 1448 985; x_wconf 82' lang='lat' dir='ltr'>praesidio</span> 
     </span>
    </p>

    <p class='ocr_par' dir='ltr' id='par_1_26' title="bbox 1056 999 1347 1079">
     <span class='ocr_line' id='line_1_43' title="bbox 1056 999 1347 1079; baseline 0.014 -20"><span class='ocrx_word' id='word_1_124' title='bbox 1056 1015 1118 1061; x_wconf 92' lang='lat' dir='ltr'>suo</span> <span class='ocrx_word' id='word_1_125' title='bbox 1135 999 1347 1079; x_wconf 89' lang='lat' dir='ltr'>monasterio,</span> 
     </span>
    </p>

    <p class='ocr_par' dir='ltr' id='par_1_27' title="bbox 1056 1096 1496 1262">
     <span class='ocr_line' id='line_1_44' title="bbox 1056 1096 1384 1162; baseline 0.018 -6"><span class='ocrx_word' id='word_1_126' title='bbox 1056 1115 1099 1158; x_wconf 90' lang='lat' dir='ltr'>ne</span> <span class='ocrx_word' id='word_1_127' title='bbox 1115 1096 1213 1160; x_wconf 91' lang='lat' dir='ltr'>detur</span> <span class='ocrx_word' id='word_1_128' title='bbox 1229 1097 1384 1162; x_wconf 87' lang='lat' dir='ltr'>incendio</span> 
     </span>
     <span class='ocr_line' id='line_1_45' title="bbox 1100 1192 1496 1262; baseline 0.013 -5"><span class='ocrx_word' id='word_1_129' title='bbox 1100 1192 1235 1258; x_wconf 87' lang='lat' dir='ltr'>flamma</span> <span class='ocrx_word' id='word_1_130' title='bbox 1250 1196 1496 1262; x_wconf 87' lang='lat' dir='ltr'>circumstante.</span> 
     </span>
    </p>

    <p class='ocr_par' dir='ltr' id='par_1_28' title="bbox 1055 1388 1427 1474">
     <span class='ocr_line' id='line_1_46' title="bbox 1055 1388 1427 1474; baseline 0.013 -23"><span class='ocrx_word' id='word_1_131' title='bbox 1055 1388 1240 1471; x_wconf 86' lang='lat' dir='ltr'>Erogando</span> <span class='ocrx_word' id='word_1_132' title='bbox 1256 1393 1427 1474; x_wconf 94' lang='lat' dir='ltr'>proprium</span> 
     </span>
    </p>

    <p class='ocr_par' dir='ltr' id='par_1_29' title="bbox 1054 1491 1409 1571">
     <span class='ocr_line' id='line_1_47' title="bbox 1054 1491 1409 1571; baseline 0.011 -21"><span class='ocrx_word' id='word_1_133' title='bbox 1054 1497 1175 1551; x_wconf 86' lang='lat' dir='ltr'>vacuat</span> <span class='ocrx_word' id='word_1_134' title='bbox 1192 1491 1409 1571; x_wconf 88' lang='lat' dir='ltr'>marsupium,</span> 
     </span>
    </p>

    <p class='ocr_par' dir='ltr' id='par_1_30' title="bbox 1054 1584 1528 1764">
     <span class='ocr_line' id='line_1_48' title="bbox 1054 1584 1528 1668; baseline 0.015 -22"><span class='ocrx_word' id='word_1_135' title='bbox 1054 1584 1143 1666; x_wconf 93' lang='lat' dir='ltr'>quod</span> <span class='ocrx_word' id='word_1_136' title='bbox 1161 1605 1260 1668; x_wconf 90' lang='lat' dir='ltr'>super</span> <span class='ocrx_word' id='word_1_137' title='bbox 1275 1586 1363 1650; x_wconf 93' lang='lat' dir='ltr'>hunc</span> <span class='ocrx_word' id='word_1_138' title='bbox 1380 1589 1528 1652; x_wconf 88' lang='lat' dir='ltr'>nescium</span> 
     </span>
     <span class='ocr_line' id='line_1_49' title="bbox 1098 1682 1436 1764; baseline 0.015 -21"><span class='ocrx_word' id='word_1_139' title='bbox 1098 1682 1203 1764; x_wconf 90' lang='lat' dir='ltr'>replet</span> <span class='ocrx_word' id='word_1_140' title='bbox 1220 1683 1327 1747; x_wconf 91' lang='lat' dir='ltr'>Actor</span> <span class='ocrx_word' id='word_1_141' title='bbox 1344 1683 1436 1763; x_wconf 91' lang='lat' dir='ltr'>lucis,</span> 
     </span>
    </p>

    <p class='ocr_par' dir='ltr' id='par_1_31' title="bbox 1054 1777 1462 1846">
     <span class='ocr_line' id='line_1_50' title="bbox 1054 1777 1462 1846; baseline 0.005 -2"><span class='ocrx_word' id='word_1_142' title='bbox 1054 1777 1239 1844; x_wconf 90' lang='lat' dir='ltr'>Cotilorum</span> <span class='ocrx_word' id='word_1_143' title='bbox 1257 1781 1345 1845; x_wconf 94' lang='lat' dir='ltr'>hunc</span> <span class='ocrx_word' id='word_1_144' title='bbox 1362 1782 1462 1846; x_wconf 92' lang='lat' dir='ltr'>trium</span> 
     </span>
    </p>

    <p class='ocr_par' dir='ltr' id='par_1_32' title="bbox 1053 1877 1332 1942">
     <span class='ocr_line' id='line_1_51' title="bbox 1053 1877 1332 1942; baseline 0.007 -2"><span class='ocrx_word' id='word_1_145' title='bbox 1053 1877 1132 1940; x_wconf 91' lang='lat' dir='ltr'>vino</span> <span class='ocrx_word' id='word_1_146' title='bbox 1149 1878 1332 1942; x_wconf 86' lang='lat' dir='ltr'>sitientium</span> 
     </span>
    </p>

    <p class='ocr_par' dir='ltr' id='par_1_33' title="bbox 1054 1975 1416 2058">
     <span class='ocr_line' id='line_1_52' title="bbox 1054 1975 1416 2058; baseline 0.011 -22"><span class='ocrx_word' id='word_1_147' title='bbox 1054 1975 1142 2037; x_wconf 92' lang='lat' dir='ltr'>sitim</span> <span class='ocrx_word' id='word_1_148' title='bbox 1160 1975 1256 2039; x_wconf 90' lang='lat' dir='ltr'>sedat</span> <span class='ocrx_word' id='word_1_149' title='bbox 1272 1975 1416 2058; x_wconf 93' lang='lat' dir='ltr'>plurium</span> 
     </span>
    </p>
   </div>
   <div class='ocr_carea' id='block_1_16' title="bbox 980 2071 1431 2152">
    <p class='ocr_par' dir='ltr' id='par_1_34' title="bbox 980 2071 1431 2152">
     <span class='ocr_line' id='line_1_53' title="bbox 980 2071 1431 2152; baseline 0.016 -20"><span class='ocrx_word' id='word_1_150' title='bbox 980 2093 981 2096; x_wconf 43' lang='lat'>¹</span> <span class='ocrx_word' id='word_1_151' title='bbox 1097 2072 1193 2152; x_wconf 86' lang='lat' dir='ltr'>signo</span> <span class='ocrx_word' id='word_1_152' title='bbox 1210 2071 1300 2136; x_wconf 85' lang='lat' dir='ltr'>iacto</span> <span class='ocrx_word' id='word_1_153' title='bbox 1316 2073 1431 2140; x_wconf 88' lang='lat' dir='ltr'>crucis.</span> 
     </span>
    </p>
   </div>
   <div class='ocr_carea' id='block_1_17' title="bbox 1270 2185 1289 2251">
    <p class='ocr_par' dir='ltr' id='par_1_35' title="bbox 1270 2185 1289 2251">
     <span class='ocr_line' id='line_1_54' title="bbox 1270 2185 1289 2251; baseline 0 0"><span class='ocrx_word' id='word_1_154' title='bbox 1270 2185 1289 2251; x_wconf 95' lang='lat'><em>7</em></span> 
     </span>
    </p>
   </div>
   <div class='ocr_carea' id='block_1_18' title="bbox 1043 2266 1522 4791">
    <p class='ocr_par' dir='ltr' id='par_1_36' title="bbox 1051 2266 1504 2543">
     <span class='ocr_line' id='line_1_55' title="bbox 1052 2266 1423 2333; baseline 0.011 -4"><span class='ocrx_word' id='word_1_155' title='bbox 1052 2266 1146 2329; x_wconf 89' lang='lat' dir='ltr'>Miris</span> <span class='ocrx_word' id='word_1_156' title='bbox 1163 2275 1214 2330; x_wconf 92' lang='lat' dir='ltr'>tot</span> <span class='ocrx_word' id='word_1_157' title='bbox 1230 2266 1423 2333; x_wconf 87' lang='lat' dir='ltr'>extollitur:</span> 
     </span>
     <span class='ocr_line' id='line_1_56' title="bbox 1051 2362 1504 2446; baseline 0.009 -21"><span class='ocrx_word' id='word_1_158' title='bbox 1051 2362 1179 2427; x_wconf 89' lang='lat' dir='ltr'>claudis</span> <span class='ocrx_word' id='word_1_159' title='bbox 1195 2384 1329 2446; x_wconf 86' lang='lat' dir='ltr'>gressus</span> <span class='ocrx_word' id='word_1_160' title='bbox 1346 2366 1504 2445; x_wconf 89' lang='lat' dir='ltr'>redditur,</span> 
     </span>
     <span class='ocr_line' id='line_1_57' title="bbox 1051 2460 1348 2543; baseline 0.013 -20"><span class='ocrx_word' id='word_1_161' title='bbox 1051 2460 1203 2543; x_wconf 88' lang='lat' dir='ltr'>paralisis</span> <span class='ocrx_word' id='word_1_162' title='bbox 1219 2461 1348 2527; x_wconf 90' lang='lat' dir='ltr'>tollitur</span> 
     </span>
    </p>

    <p class='ocr_par' dir='ltr' id='par_1_37' title="bbox 1049 2558 1411 2933">
     <span class='ocr_line' id='line_1_58' title="bbox 1094 2558 1399 2642; baseline 0.013 -22"><span class='ocrx_word' id='word_1_163' title='bbox 1094 2558 1165 2621; x_wconf 93' lang='lat' dir='ltr'>eius</span> <span class='ocrx_word' id='word_1_164' title='bbox 1181 2579 1279 2641; x_wconf 88' lang='lat' dir='ltr'>prece</span> <span class='ocrx_word' id='word_1_165' title='bbox 1295 2579 1399 2642; x_wconf 90' lang='lat' dir='ltr'>pura;</span> 
     </span>
     <span class='ocr_line' id='line_1_59' title="bbox 1050 2655 1352 2722; baseline 0.007 -2"><span class='ocrx_word' id='word_1_166' title='bbox 1050 2655 1151 2720; x_wconf 89' lang='lat' dir='ltr'>Vitae</span> <span class='ocrx_word' id='word_1_167' title='bbox 1167 2657 1352 2722; x_wconf 90' lang='lat' dir='ltr'>restituitur</span> 
     </span>
     <span class='ocr_line' id='line_1_60' title="bbox 1051 2756 1379 2832; baseline 0.009 -16"><span class='ocrx_word' id='word_1_168' title='bbox 1051 2763 1210 2832; x_wconf 73' lang='lat' dir='ltr'>mortuus</span> <span class='ocrx_word' id='word_1_169' title='bbox 1227 2756 1379 2819; x_wconf 87' lang='lat' dir='ltr'>atteritur</span> 
     </span>
     <span class='ocr_line' id='line_1_61' title="bbox 1049 2851 1411 2933; baseline 0.003 -18"><span class='ocrx_word' id='word_1_170' title='bbox 1049 2851 1193 2915; x_wconf 89' lang='lat' dir='ltr'>daemon</span> <span class='ocrx_word' id='word_1_171' title='bbox 1210 2862 1243 2916; x_wconf 92' lang='lat' dir='ltr'>et</span> <span class='ocrx_word' id='word_1_172' title='bbox 1259 2853 1387 2916; x_wconf 90' lang='lat' dir='ltr'>eiicitur</span> <span class='ocrx_word' id='word_1_173' title='bbox 1403 2874 1411 2933; x_wconf 88' lang='lat'>;</span> 
     </span>
    </p>

    <p class='ocr_par' dir='ltr' id='par_1_38' title="bbox 1046 2949 1423 3421">
     <span class='ocr_line' id='line_1_62' title="bbox 1093 2949 1397 3031; baseline 0.013 -20"><span class='ocrx_word' id='word_1_174' title='bbox 1093 2949 1262 3031; x_wconf 89' lang='lat' dir='ltr'>praedixit</span> <span class='ocrx_word' id='word_1_175' title='bbox 1278 2949 1397 3015; x_wconf 88' lang='lat' dir='ltr'>sutura.</span> 
     </span>
     <span class='ocr_line' id='line_1_63' title="bbox 1049 3143 1423 3226; baseline 0.005 -20"><span class='ocrx_word' id='word_1_176' title='bbox 1049 3143 1262 3226; x_wconf 87' lang='lat' dir='ltr'>Praelulgens</span> <span class='ocrx_word' id='word_1_177' title='bbox 1280 3144 1423 3208; x_wconf 89' lang='lat' dir='ltr'>Parisius</span> 
     </span>
     <span class='ocr_line' id='line_1_64' title="bbox 1046 3239 1354 3324; baseline 0.003 -20"><span class='ocrx_word' id='word_1_178' title='bbox 1046 3260 1138 3304; x_wconf 88' lang='lat' dir='ltr'>sacer</span> <span class='ocrx_word' id='word_1_179' title='bbox 1153 3239 1207 3305; x_wconf 91' lang='lat' dir='ltr'>bic</span> <span class='ocrx_word' id='word_1_180' title='bbox 1224 3242 1354 3324; x_wconf 85' lang='lat' dir='ltr'>Eligius</span> 
     </span>
     <span class='ocr_line' id='line_1_65' title="bbox 1046 3337 1416 3421; baseline 0.003 -20"><span class='ocrx_word' id='word_1_181' title='bbox 1046 3337 1178 3421; x_wconf 86' lang='lat' dir='ltr'>praesul</span> <span class='ocrx_word' id='word_1_182' title='bbox 1195 3348 1245 3401; x_wconf 91' lang='lat' dir='ltr'>est</span> <span class='ocrx_word' id='word_1_183' title='bbox 1261 3339 1416 3417; x_wconf 90' lang='lat' dir='ltr'>eximius,</span> 
     </span>
    </p>

    <p class='ocr_par' dir='ltr' id='par_1_39' title="bbox 1045 3435 1454 3794">
     <span class='ocr_line' id='line_1_66' title="bbox 1088 3435 1443 3518; baseline -0.003 -18"><span class='ocrx_word' id='word_1_184' title='bbox 1088 3444 1166 3518; x_wconf 92' lang='lat' dir='ltr'>post</span> <span class='ocrx_word' id='word_1_185' title='bbox 1181 3435 1420 3500; x_wconf 92' lang='lat' dir='ltr'>Noviomensis</span> <span class='ocrx_word' id='word_1_186' title='bbox 1435 3457 1443 3516; x_wconf 93' lang='lat'>;</span> 
     </span>
     <span class='ocr_line' id='line_1_67' title="bbox 1048 3533 1396 3614; baseline 0.003 -18"><span class='ocrx_word' id='word_1_187' title='bbox 1048 3533 1192 3597; x_wconf 91' lang='lat' dir='ltr'>Pudicus</span> <span class='ocrx_word' id='word_1_188' title='bbox 1208 3543 1241 3598; x_wconf 92' lang='lat' dir='ltr'>et</span> <span class='ocrx_word' id='word_1_189' title='bbox 1257 3533 1396 3614; x_wconf 86' lang='lat' dir='ltr'>sobrius,</span> 
     </span>
     <span class='ocr_line' id='line_1_68' title="bbox 1046 3631 1454 3715; baseline 0.007 -21"><span class='ocrx_word' id='word_1_190' title='bbox 1046 3632 1202 3714; x_wconf 91' lang='lat' dir='ltr'>prudens,</span> <span class='ocrx_word' id='word_1_191' title='bbox 1217 3631 1363 3710; x_wconf 92' lang='lat' dir='ltr'>humilis,</span> <span class='ocrx_word' id='word_1_192' title='bbox 1378 3632 1454 3715; x_wconf 93' lang='lat' dir='ltr'>pius</span> 
     </span>
     <span class='ocr_line' id='line_1_69' title="bbox 1045 3730 1356 3794; baseline -0.006 0"><span class='ocrx_word' id='word_1_193' title='bbox 1045 3730 1231 3794; x_wconf 91' lang='lat' dir='ltr'>Audoenus</span> <span class='ocrx_word' id='word_1_194' title='bbox 1247 3731 1356 3794; x_wconf 92' lang='lat' dir='ltr'>socius</span> 
     </span>
    </p>

    <p class='ocr_par' dir='ltr' id='par_1_40' title="bbox 1044 3825 1436 4302">
     <span class='ocr_line' id='line_1_70' title="bbox 1090 3825 1434 3912; baseline 0.003 -22"><span class='ocrx_word' id='word_1_195' title='bbox 1090 3825 1126 3892; x_wconf 88' lang='lat' dir='ltr'>fit</span> <span class='ocrx_word' id='word_1_196' title='bbox 1143 3827 1434 3912; x_wconf 85' lang='lat' dir='ltr'>Rothomagensis.</span> 
     </span>
     <span class='ocr_line' id='line_1_71' title="bbox 1046 4023 1368 4088; baseline 0.003 -3"><span class='ocrx_word' id='word_1_197' title='bbox 1046 4023 1138 4086; x_wconf 90' lang='lat' dir='ltr'>Vivit</span> <span class='ocrx_word' id='word_1_198' title='bbox 1155 4023 1368 4088; x_wconf 88' lang='lat' dir='ltr'>aeternaliter</span> 
     </span>
     <span class='ocr_line' id='line_1_72' title="bbox 1045 4119 1435 4202; baseline 0.005 -20"><span class='ocrx_word' id='word_1_199' title='bbox 1045 4119 1221 4202; x_wconf 85' lang='lat' dir='ltr'>exspirans</span> <span class='ocrx_word' id='word_1_200' title='bbox 1237 4120 1415 4185; x_wconf 90' lang='lat' dir='ltr'>carnaliter</span> <span class='ocrx_word' id='word_1_201' title='bbox 1427 4143 1435 4202; x_wconf 90' lang='lat'>;</span> 
     </span>
     <span class='ocr_line' id='line_1_73' title="bbox 1044 4217 1436 4302; baseline 0.005 -22"><span class='ocrx_word' id='word_1_202' title='bbox 1044 4218 1107 4280; x_wconf 90' lang='lat' dir='ltr'>scit</span> <span class='ocrx_word' id='word_1_203' title='bbox 1123 4217 1193 4281; x_wconf 91' lang='lat' dir='ltr'>eius</span> <span class='ocrx_word' id='word_1_204' title='bbox 1209 4219 1264 4300; x_wconf 93' lang='lat' dir='ltr'>qui</span> <span class='ocrx_word' id='word_1_205' title='bbox 1284 4218 1436 4302; x_wconf 87' lang='lat' dir='ltr'>nequiter</span> 
     </span>
    </p>

    <p class='ocr_par' dir='ltr' id='par_1_41' title="bbox 1043 4315 1522 4693">
     <span class='ocr_line' id='line_1_74' title="bbox 1087 4315 1522 4399; baseline 0.009 -22"><span class='ocrx_word' id='word_1_206' title='bbox 1087 4315 1240 4380; x_wconf 90' lang='lat' dir='ltr'>tumbam</span> <span class='ocrx_word' id='word_1_207' title='bbox 1257 4315 1502 4399; x_wconf 86' lang='lat' dir='ltr'>blasphemavit</span> <span class='ocrx_word' id='word_1_208' title='bbox 1515 4338 1522 4394; x_wconf 94' lang='lat'>;</span> 
     </span>
     <span class='ocr_line' id='line_1_75' title="bbox 1043 4411 1368 4496; baseline -0.003 -18"><span class='ocrx_word' id='word_1_209' title='bbox 1043 4411 1126 4478; x_wconf 89' lang='lat' dir='ltr'>Oret</span> <span class='ocrx_word' id='word_1_210' title='bbox 1141 4432 1222 4494; x_wconf 83' lang='lat' dir='ltr'>ergo</span> <span class='ocrx_word' id='word_1_211' title='bbox 1238 4412 1368 4496; x_wconf 89' lang='lat' dir='ltr'>iugiter,</span> 
     </span>
     <span class='ocr_line' id='line_1_76' title="bbox 1043 4509 1350 4576; baseline 0.01 -3"><span class='ocrx_word' id='word_1_212' title='bbox 1043 4519 1077 4574; x_wconf 91' lang='lat' dir='ltr'>et</span> <span class='ocrx_word' id='word_1_213' title='bbox 1094 4509 1350 4576; x_wconf 91' lang='lat' dir='ltr'>misericorditer</span> 
     </span>
     <span class='ocr_line' id='line_1_77' title="bbox 1044 4607 1412 4693; baseline 0.011 -22"><span class='ocrx_word' id='word_1_214' title='bbox 1044 4607 1141 4672; x_wconf 93' lang='lat' dir='ltr'>nobis</span> <span class='ocrx_word' id='word_1_215' title='bbox 1157 4619 1334 4693; x_wconf 90' lang='lat' dir='ltr'>praeparet</span> <span class='ocrx_word' id='word_1_216' title='bbox 1350 4609 1412 4675; x_wconf 91' lang='lat' dir='ltr'>iter</span> 
     </span>
    </p>

    <p class='ocr_par' dir='ltr' id='par_1_42' title="bbox 1088 4707 1462 4791">
     <span class='ocr_line' id='line_1_78' title="bbox 1088 4707 1462 4791; baseline 0.011 -21"><span class='ocrx_word' id='word_1_217' title='bbox 1088 4713 1195 4775; x_wconf 91' lang='lat' dir='ltr'>morte</span> <span class='ocrx_word' id='word_1_218' title='bbox 1211 4707 1278 4791; x_wconf 87' lang='lat' dir='ltr'>Qui</span> <span class='ocrx_word' id='word_1_219' title='bbox 1294 4730 1356 4773; x_wconf 90' lang='lat' dir='ltr'>nos</span> <span class='ocrx_word' id='word_1_220' title='bbox 1372 4708 1462 4774; x_wconf 90' lang='lat' dir='ltr'>lavit.</span> 
     </span>
    </p>
   </div>
   <div class='ocr_carea' id='block_1_19' title="bbox 361 4902 1445 5060">
    <p class='ocr_par' dir='ltr' id='par_1_43' title="bbox 361 4902 1445 5060">
     <span class='ocr_line' id='line_1_79' title="bbox 361 4902 1085 4978; baseline 0.003 -22"><span class='ocrx_word' id='word_1_221' title='bbox 361 4905 412 4967; x_wconf 73' lang='lat' dir='ltr'>ub</span> <span class='ocrx_word' id='word_1_222' title='bbox 441 4902 604 4959; x_wconf 79' lang='lat' dir='ltr'>foederibus</span> <span class='ocrx_word' id='word_1_223' title='bbox 618 4906 773 4976; x_wconf 69' lang='lat' dir='ltr'>Marium,</span> <span class='ocrx_word' id='word_1_224' title='bbox 787 4905 883 4962; x_wconf 85' lang='lat' dir='ltr'>n&#39;ofsre</span> <span class='ocrx_word' id='word_1_225' title='bbox 897 4924 948 4978; x_wconf 87' lang='lat' dir='ltr'>pas</span> <span class='ocrx_word' id='word_1_226' title='bbox 962 4907 998 4962; x_wconf 88' lang='lat' dir='ltr'>de</span> <span class='ocrx_word' id='word_1_227' title='bbox 1011 4920 1085 4960; x_wconf 88' lang='lat' dir='ltr'>sens.</span> 
     </span>
     <span class='ocr_line' id='line_1_80' title="bbox 362 4982 1445 5060; baseline 0.006 -23"><span class='ocrx_word' id='word_1_228' title='bbox 362 4982 411 5052; x_wconf 75' lang='lat' dir='ltr'>og</span> <span class='ocrx_word' id='word_1_229' title='bbox 441 4984 593 5055; x_wconf 87' lang='lat' dir='ltr'>plurimum</span> <span class='ocrx_word' id='word_1_230' title='bbox 608 4985 754 5042; x_wconf 79' lang='lat' dir='ltr'>Morinen.</span> <span class='ocrx_word' id='word_1_231' title='bbox 791 4989 884 5043; x_wconf 88' lang='lat' dir='ltr'>Toute</span> <span class='ocrx_word' id='word_1_232' title='bbox 896 4997 970 5044; x_wconf 86' lang='lat' dir='ltr'>cette</span> <span class='ocrx_word' id='word_1_233' title='bbox 983 4988 1021 5043; x_wconf 88' lang='lat' dir='ltr'>fin</span> <span class='ocrx_word' id='word_1_234' title='bbox 1035 4987 1074 5046; x_wconf 86' lang='lat' dir='ltr'>de¹</span> <span class='ocrx_word' id='word_1_235' title='bbox 1084 4986 1199 5057; x_wconf 84' lang='lat' dir='ltr'>strophe</span> <span class='ocrx_word' id='word_1_236' title='bbox 1213 4997 1256 5043; x_wconf 90' lang='lat' dir='ltr'>est</span> <span class='ocrx_word' id='word_1_237' title='bbox 1269 5005 1445 5060; x_wconf 89' lang='lat' dir='ltr'>corrompue.</span> 
     </span>
    </p>
   </div>
   <div class='ocr_carea' id='block_1_20' title="bbox 253 5067 743 5140">
    <p class='ocr_par' dir='ltr' id='par_1_44' title="bbox 253 5067 743 5140">
     <span class='ocr_line' id='line_1_81' title="bbox 253 5067 743 5140; baseline 0.012 -21"><span class='ocrx_word' id='word_1_238' title='bbox 253 5110 259 5119; x_wconf 95' lang='lat'><em>.</em></span> <span class='ocrx_word' id='word_1_239' title='bbox 364 5079 408 5132; x_wconf 86' lang='lat'>70</span> <span class='ocrx_word' id='word_1_240' title='bbox 440 5067 580 5140; x_wconf 88' lang='lat' dir='ltr'>paralisus</span> <span class='ocrx_word' id='word_1_241' title='bbox 593 5067 743 5126; x_wconf 77' lang='lat' dir='ltr'>Mon‘mn.</span> 
     </span>
    </p>
   </div>
   <div class='ocr_carea' id='block_1_21' title="bbox 393 5231 409 5284">
    <p class='ocr_par' dir='ltr' id='par_1_45' title="bbox 393 5231 409 5284">
     <span class='ocr_line' id='line_1_82' title="bbox 393 5231 409 5284; baseline 0 0"><span class='ocrx_word' id='word_1_242' title='bbox 393 5231 409 5284; x_wconf 87' lang='lat' dir='ltr'>ll</span> 
     </span>
    </p>
   </div>
   <div class='ocr_carea' id='block_1_22' title="bbox 0 0 2062 5784">
    <p class='ocr_par' dir='ltr' id='par_1_46' title="bbox 0 0 2062 5784">
     <span class='ocr_line' id='line_1_83' title="bbox 0 0 2062 5784; baseline 0 6"><span class='ocrx_word' id='word_1_243' title='bbox 0 0 2062 5784; x_wconf 95' lang='lat' dir='ltr'> </span> 
     </span>
    </p>
   </div>
  </div>
 </body>
</html>
