4108 5794
637 507 781 560 PROSAE
809 505 1017 560 ECCLESIAE
1044 505 1283 561 SENONENSIS
1525 499 1597 576 217

380 706 424 746 ta
456 689 571 758 exultat,
585 687 668 760 apres
681 687 841 743 correction
860 687 932 742 MR.
963 691 985 742 b
1011 691 1080 742 nam
1092 687 1233 742 Parr'sien.
1251 685 1326 742 1666.
1352 686 1445 742 exulat
1459 685 1595 742 Semnan.

342 780 369 826 et
380 771 408 826 in
422 770 509 827 caelis
522 771 664 824 Pan‘sien.
682 767 756 822 1666.
789 784 807 822 o
834 769 914 839 Lupo
927 768 1000 823 caeli
1012 768 1091 823 curia
1104 769 1245 824 Pan'sien.
1263 765 1338 822 1666.

375 865 423 906 aa
457 845 515 906 Ore
534 850 605 906 MR.
624 849 684 904 SE.
705 848 842 903 Senonen.
875 853 896 902 b
922 859 1122 920 praecurrente
1141 848 1210 904 MR.
1231 849 1369 904 Senonen.
1395 853 1410 901 t
1441 848 1487 904 Ob
1501 846 1534 918 (l)
1550 848 1597 903 Se·

340 947 438 986 nonen.

376 1025 391 1080 3
405 1016 452 1068 bo
467 1029 473 1068 :

619 1089 669 1145 dat
682 1090 719 1144 ab
731 1088 793 1145 eius
806 1098 869 1144 ortu
883 1089 988 1146 Christi

694 1178 749 1216 vox
761 1161 798 1215 de
812 1161 892 1216 caelo
905 1162 1013 1218 nuntia.
1044 1165 1186 1220 Pan‘sien.
1204 1163 1279 1219 1666.

341 1259 358 1297 e
382 1257 425 1298 est
435 1243 480 1299 cui
494 1242 554 1298 SE.
586 1242 631 1298 cui
645 1241 783 1296 mundum
797 1241 867 1298 MR.
882 1242 1019 1299 Senomn.
1051 1243 1230 1300 immundum
1243 1245 1314 1302 MR.

379 1329 426 1392 56
457 1323 515 1378 vita
528 1322 588 1378 eius
598 1323 669 1379 MR.

376 1403 428 1458 6b
458 1405 667 1473 observataque
679 1403 820 1458 Parisien.
834 1403 910 1460 1666.
942 1403 1228 1478 obsecrataqueMR.
1251 1410 1273 1462 d
1294 1407 1371 1461 Dum
1385 1406 1455 1460 MR.
1467 1404 1526 1458 SE.
1539 1403 1596 1458 Pa·

342 1484 435 1538 n'sien.
449 1483 525 1539 1666.
556 1501 574 1538 a
605 1493 671 1538 vota
684 1483 839 1554 patientiae
848 1485 880 1554 (t)
892 1485 1028 1542 Senonen.

377 1577 427 1631 7a
460 1564 648 1620 Melodunum
661 1563 731 1618 MR.
747 1565 883 1622 Senum.
898 1571 937 1622 ‘b
963 1567 1088 1624 adtacta
1101 1567 1170 1622 MR.
1186 1567 1322 1622 Senomn.
1354 1583 1371 1621 o
1401 1575 1499 1622 manet
1513 1565 1597 1621 Seno·

343 1663 403 1700 nen.
431 1661 448 1700 e
479 1655 616 1716 tauquam
624 1643 661 1699 sit
674 1644 736 1699 SE.
750 1645 980 1704 Pantr'en.1666.

376 1741 426 1794 pa
456 1725 532 1781 hunc
542 1726 661 1780 haberet
673 1725 797 1782 mundus
810 1727 952 1784 Pan'sr'cn.
969 1729 1044 1785 1666.
1076 1745 1093 1784 e
1123 1739 1220 1784 tamen
1233 1729 1425 1785 illiParr'sr'en.
1442 1727 1516 1785 1666.
1542 1746 1600 1786 nou

343 1807 434 1862 arrisit
443 1806 586 1860 Pan'sr'en.
596 1805 670 1861 1666.
681 1806 819 1862 Senonen.

365 1891 430 1942 rob
460 1887 537 1960 quod
550 1887 676 1944 ostendit
688 1887 829 1944 Porisien.
844 1887 919 1945 1666.
947 1907 964 1945 e
996 1889 1074 1944 Hinc
1088 1889 1223 1946 Senonen.
1253 1907 1274 1958 g
1298 1905 1414 1961 gemma
1424 1889 1495 1945 MR.
1596 1865 1598 1869 ,

396 2201 474 2275 145.
509 2180 585 2257 DE
615 2180 1022 2258 SS.SAVINIANO
1055 2179 1128 2256 ET
1158 2179 1547 2256 POTENTIANO.

648 2431 662 2477 1

518 2517 621 2582 Laeta
636 2516 716 2582 lano

387 2623 498 2682 cantet
514 2614 610 2698 plebs
631 2613 814 2680 Saviniano
833 2639 841 2681 ε

519 2709 667 2774 Alleluia
677 2733 693 2786 ,-

516 2806 605 2870 Nam
622 2807 796 2890 pugnavit,

385 2912 547 2986 tyrannos
564 2920 640 2965 cum
657 2903 835 2984 superavit,

513 3019 565 3062 res
580 2997 744 3062 miranda.

643 3119 662 3166 2

427 3206 511 3270 Fido
526 3205 653 3288 gaudet
668 3205 802 3284 comite,

427 3323 487 3367 rex
503 3303 546 3366 de
562 3303 653 3366 bono
669 3301 784 3382 milite,

511 3399 562 3463 sol
573 3399 613 3462 de
626 3398 721 3462 stella
733 3423 749 3476 ,·

428 3495 663 3560 Praedicantes
678 3496 819 3562 aemulis

427 3591 551 3658 Christi
568 3591 657 3655 sacta
673 3592 808 3675 populis

513 3686 750 3770 semperclara.

427 3890 575 3956 Obstant
591 3807 791 3971 infizelibus,

315 3989 317 3994 ’
429 3986 564 4051 Iudaeis
580 3995 612 4050 et
629 3989 786 4069 gentibus

506 4082 591 4165 pari
594 4083 721 4162 forma.

430 4178 460 4242 N
464 4199 501 4242 ec
518 4177 753 4261 irrefragabilis

427 4284 619 4339 sanctorum
637 4295 732 4340 mens
748 4276 883 4344 humilis

505 4370 553 4454 fit
568 4382 728 4454 corrupta.

427 4569 461 4635 A
477 4570 628 4636 saucibus
643 4489 849 4640 &aemonum

426 4665 521 4748 plebs
536 4667 676 4732 solvitur
692 4669 864 4736 Senonum

1144 2413 1230 2478 valle
1244 2421 1364 2480 nostra.

1059 2515 1131 2580 Poli
1147 2525 1284 2582 currunt
1300 2517 1416 2583 bravio

1059 2613 1165 2679 dediti
1182 2611 1356 2696 supplicio,

1143 2733 1239 2778 carne
1253 2723 1393 2797 sumpta.

1278 2873 1293 2940 5
1347 2943 1348 2946 ,

1058 3012 1178 3076 Mortis
1194 3012 1276 3076 data
1292 3009 1421 3095 poculis

1055 3107 1210 3174 clientela
1226 3105 1359 3192 populis

1058 3205 1168 3270 cordis
1184 3205 1301 3288 nequit
1316 3196 1422 3269 oculis

1147 3321 1213 3364 esse
1227 3321 1319 3365 caeca
1328 3324 1344 3377 ,·

1056 3397 1197 3480 Recepti
1214 3398 1375 3480 superius,

1058 3493 1230 3560 exsultant
1246 3493 1374 3560 felicius

1058 3612 1126 3676 quo
1143 3599 1321 3656 narrantur
1337 3589 1437 3656 latius

1144 3686 1221 3750 haec
1229 3685 1409 3770 praedicta.

1273 3847 1295 3910 6

1057 3999 1269 4084 Quibusnam
1285 4009 1411 4067 temere

1057 4094 1178 4160 referta
1193 4095 1316 4161 scelere

1058 4191 1169 4256 renuit
1184 4193 1318 4258 credere

1140 4309 1224 4371 gens
1239 4287 1367 4354 misera.

1060 4384 1205 4449 Nostros
1221 4385 1272 4450 his
1289 4385 1425 4470 spiritus

1058 4480 1164 4546 salvet
1179 4481 1340 4548 divinitus

1057 4579 1184 4661 virgine
1201 4577 1333 4661 genitus

1135 4687 1304 4758 puerpera.

379 4829 570 4917 Mauu'sertt.
594 4829 693 4884 Suus:
712 4829 784 4885 Bibl.
808 4833 844 4888 de
857 4835 884 4888 la
894 4833 978 4906 Vilie,
993 4837 1107 4907 (16)·17,
1126 4838 1224 4896 Missel
1238 4839 1274 4900 de
1289 4843 1370 4912 Sens,
1394 4845 1474 4922 piece
1487 4814 1599 4919 aioutee

345 4918 378 4956 au
391 4913 456 4958 xuue
464 4904 559 4974 siecle,
574 4909 633 4963 SE.

380 5038 429 5090 ed
460 5033 496 5094 sti
506 5036 589 5096 mulis
603 5037 738 5098 Senonen.
755 5055 829 5118 1543.
