4094 5796
756 509 898 561 PROSAE
926 509 1129 562 ECCLESlAE
1154 509 1446 563 ANDEGAVENSIS

736 705 794 782 27.
827 687 903 763 ns
932 683 1157 764 'snucso
1189 685 1452 763 nummo.

774 915 786 963 1

510 1011 598 1076 Ecce
614 1012 687 1076 dies
703 1021 912 1095 praeoptata,

509 1109 581 1172 dies
597 1107 690 1186 felix,
705 1108 777 1172 dies
793 1119 900 1192 grata,

551 1205 624 1269 dies
640 1205 745 1288 digna
760 1205 887 1287 gaudio
900 1226 907 1282 ;

1184 898 1286 963 fertur
1302 898 1531 982 singulorum,

1143 995 1210 1062 Sed
1227 997 1349 1060 aetatis
1365 1006 1499 1060 tenerae

1184 1091 1313 1156 diffisus
1329 1103 1363 1156 et
1380 1113 1520 1170 morum,

1142 1188 1175 1251 in
1193 1208 1311 1252 senon
1329 1187 1400 1252 vult
1415 1188 1533 1252 tollere

510 1298 601 1365 Gens
619 1301 834 1378 Francorum,
849 1300 946 1385 plebs
965 1301 1098 1378 devota,
1185 1282 1554 1366 P0ssdu810bust0fum·

510 1395 613 1460 funde
629 1417 753 1480 preces,
770 1397 872 1460 redde
890 1406 979 1474 vota,

552 1493 771 1576 congaudens
788 1493 956 1576 Remigio

773 1614 792 1662 2

513 1700 621 1786 Quem
641 1701 734 1766 Deus
750 1701 793 1766 de
810 1721 890 1766 sene
905 1709 1002 1784 patre

513 1807 546 1860 et
562 1797 605 1863 de
621 1807 780 1861 veterana
797 1807 903 1861 matre

555 1914 616 1976 pro
633 1903 666 1958 te
683 1892 775 1958 nasci
792 1893 898 1957 voluit
914 1915 921 1972 ;

512 1990 590 2052 Tibi
608 1999 716 2066 natus,
732 1991 792 2053 tibi
809 1991 918 2066 datus,

513 2087 574 2149 tibi
592 2086 638 2150 sic
654 2107 716 2168 pro
733 2095 766 2149 te
782 2096 914 2150 creatus

558 2191 594 2246 ut
609 2193 706 2265 pater
722 2182 905 2247 condoluit.

778 2311 795 2374 3

411 2377 415 2391 ’
514 2396 577 2459 Per
592 2395 681 2460 hunc
697 2398 758 2461 tibi
775 2396 1018 2460 Wandalorum

514 2491 730 2575 hostiumque
746 2492 964 2557 barbarorum

560 2599 712 2672 potestas
729 2589 895 2652 subiacuit
910 2611 917 2668 ;

517 2685 578 2746 Per
594 2684 683 2746 hunc
699 2704 788 2747 error
805 2685 969 2748 idolorum

517 2801 646 2844 necnon
664 2791 697 2844 et
713 2781 955 2846 haereticorum

561 2879 650 2942 fraus
666 2879 775 2942 omnis
792 2881 936 2943 evanuit.

520 3086 600 3149 Eius
616 3105 746 3149 sacrum
764 3086 941 3150 exordium

518 3191 718 3245 secretorum
736 3182 929 3245 caelestium

561 3297 630 3340 vox
649 3277 851 3340 Montanum
869 3278 995 3356 docuit,

520 3372 636 3455 Ipsum
652 3392 776 3436 vocans
794 3373 998 3456 Remigium,

518 3470 576 3532 sed
593 3477 627 3532 et
643 3489 704 3550 pro
720 3477 754 3532 te
767 3471 951 3533 remedium

562 3564 618 3646 qui
635 3574 668 3628 te
687 3563 761 3628 Deo
778 3566 904 3648 genuit.

781 3691 796 3756 5

521 3789 626 3852 Lacte
643 3789 758 3852 matris
775 3787 890 3852 oculos
906 3789 1013 3852 abluit

443 3887 447 3896 '
693 3886 742 3947 sui
760 3887 846 3948 vatis
860 3907 867 3961 3

485 4027 489 4034 .
522 3980 650 4044 Caecus
660 3990 740 4056 erat,
753 4000 833 4042 mox
849 3979 989 4062 languor
1000 3978 1106 4042 defuit

694 4077 874 4140 caecitatis

781 4193 802 4252 6

522 4303 633 4365 Datus
649 4301 772 4366 scholis
783 4321 896 4384 parem
909 4321 976 4364 non
990 4300 1108 4365 habuit

696 4399 729 4460 in
747 4398 900 4462 doctrina

524 4494 614 4556 Hinc
631 4493 788 4570 reclusus,
804 4494 914 4574 specie
930 4493 1041 4559 floruit

694 4589 896 4654 columbina.

783 4715 802 4782 7

523 4814 693 4879 Defuncto
708 4795 886 4879 Bennadio

566 4913 718 4993 praesule
735 4913 927 4991 Remorum,

523 5009 565 5074 ad
583 5008 693 5096 ipsum
710 5009 845 5076 devotio

1325 1481 1326 1486 ,
1403 1414 1422 1478 8

1143 1543 1196 1608 De
1212 1543 1379 1628 responsis
1396 1544 1497 1628 igitur

1187 1641 1276 1706 facta
1293 1643 1472 1720 mentione,

1143 1739 1278 1821 rapitur,
1293 1737 1483 1802 extrahitur

1186 1835 1229 1897 de
1244 1834 1437 1898 reclusione.

1145 1930 1212 1995 Sed
1229 1931 1352 1994 emissa
1367 1929 1506 1995 caelitus

1188 2026 1248 2089 lux
1264 2047 1340 2090 cum
1358 2028 1525 2102 unctione,

1145 2129 1248 2185 terret
1264 2142 1340 2185 eum
1359 2121 1508 2185 funditus

1189 2219 1232 2281 de
1248 2219 1530 2301 praesumptione.
1619 2223 1621 2227 ’

1406 2366 1428 2428 9

1147 2479 1265 2542 Parere
1282 2476 1428 2542 fidelium

1189 2585 1365 2658 promptus
1381 2575 1557 2648 voluntati,

1145 2672 1205 2734 dat
1221 2691 1256 2732 se
1273 2670 1470 2734 sacrificium

1191 2767 1352 2832 Summae
1368 2767 1535 2830 Trinitati.
1609 2763 1612 2770 ’

1147 2863 1256 2946 Quem
1274 2884 1309 2926 se
1325 2863 1435 2945 caepit
1452 2863 1590 2926 reddere

1190 2957 1396 3022 universitati

1147 3065 1280 3120 nonest
1297 3063 1490 3137 promptum
1508 3053 1656 3136 pandere

1192 3161 1326 3215 nostrae
1343 3151 1508 3234 parvitati.

1402 3297 1440 3346 10

1150 3408 1324 3487 Fugantur
1339 3406 1529 3483 daemonia,
1553 3427 1555 3432 ·

1193 3501 1314 3584 leprosi
1332 3503 1544 3579 mundantur,

1148 3597 1297 3660 defuncti
1314 3599 1356 3659 ad
1378 3597 1502 3678 gaudia

1192 3693 1281 3756 vitae
1297 3703 1505 3758 revocantur.

1150 3787 1183 3851 A
1200 3809 1410 3872 quacumque
1426 3791 1535 3872 gratia

1193 3884 1275 3946 nulli
1291 3883 1531 3948 defraudantur
1545 3907 1552 3963 ;

1151 4003 1211 4044 rex
1228 3990 1260 4044 et
1276 3981 1386 4043 omnis
1404 3982 1543 4044 Francia

1190 4078 1228 4140 'in
1246 4076 1311 4141 fide
1328 4077 1522 4142 formantur.

1405 4225 1439 4271 11

1153 4335 1184 4402 O
1204 4336 1347 4420 Remigi,
1364 4337 1536 4419 speculum

1195 4432 1346 4496 omnium
1363 4433 1540 4510 bonorum,

1152 4529 1214 4592 llos
1230 4539 1264 4592 et
1279 4549 1414 4611 gemma
1431 4529 1632 4612 praesulum,

1195 4626 1297 4688 decus
1313 4624 1520 4715 clericorum,

1152 4721 1283 4786 Munda
1300 4732 1394 4786 tuum
1411 4723 1574 4806 populum

1197 4817 1287 4883 faece
1304 4820 1460 4884 vitiorum
1475 4841 1483 4898 ;

1151 4919 1204 4981 fac
1221 4939 1282 4982 nos
1300 4921 1455 5000 posthoc
1472 4921 1641 4987 saeculum

1195 5014 1286 5080 cives
1301 5017 1507 5100 angelorum.
