4102 5790
623 559 765 613 PROSAE
793 563 997 616 ECCLESIAE
1025 568 1294 630 NIDROSIENSIS
1522 563 1590 645 1'07

478 739 483 788 ³
582 782 586 788 ·
649 797 703 870 74.
739 777 812 851 ou
847 779 1277 882 sunuoumsurs.

612 1042 614 1046 .
639 981 652 1067 1¹

462 1124 553 1189 Laus
568 1127 691 1190 devota
708 1139 821 1192 mente
903 1153 906 1160 ’

462 1222 565 1288 choro
580 1226 778 1290 concinente
856 1262 862 1268 ·
917 1235 919 1239 ’

421 1317 553 1386 Christo
569 1321 612 1384 sit
629 1341 704 1385 cum
721 1322 838 1404 gloria,
860 1312 866 1317 '¹

463 1412 528 1496 Qui
547 1415 784 1499 Evangelistas

462 1509 529 1572 veri
546 1511 770 1593 dogmatistas
858 1535 862 1538 ·

421 1603 591 1688 insignivit
606 1608 738 1689 gratia;
823 1612 828 1646 ’-

638 1745 655 1792 2

463 1845 598 1932 Quique
613 1871 674 1916 suo
691 1875 783 1918 more

460 1942 567 2009 lucem
585 1967 629 2012 ex
645 1948 774 2032 fulgore

418 2037 476 2102 dat
491 2060 550 2122 per
565 2041 654 2106 orbis
670 2045 815 2126 climata,

460 2142 561 2209 Tales
576 2147 657 2210 dum
674 2147 775 2231 elegit

460 2259 518 2322 per
533 2262 617 2324 quos
635 2244 700 2307 iam
718 2247 851 2329 subegit

418 2332 570 2401 haereses
586 2349 619 2402 et
635 2340 824 2409 schismata.

637 2478 654 2542 3

464 2579 510 2643 Hi
527 2579 579 2644 bis
595 2581 665 2646 bini
682 2583 792 2650 sontes

459 2673 564 2740 valles
580 2688 681 2761 atque
698 2693 829 2747 montes

418 2769 593 2854 irrigantes
609 2773 755 2855 flumine,

460 2865 536 2932 Orti
552 2871 719 2950 paradiso,

459 2965 622 3029 mundum
641 2967 672 3030 in
690 2968 798 3032 diviso

415 3055 620 3124 illustrantes
636 3062 771 3129 famine.

631 3205 653 3266 4

459 3305 539 3369 Illos
555 3327 614 3390 per
629 3309 681 3373 bis
698 3312 776 3376 bina

458 3401 543 3465 visio
558 3403 673 3468 divina

415 3496 524 3578 signat
540 3500 709 3579 animalia,

457 3592 491 3656 A
506 3595 708 3676 quibusdam
725 3600 806 3676 visa,

456 3687 571 3753 formis
586 3700 667 3756 tunc
682 3695 799 3773 divisa,

412 3793 508 3865 gestu
524 3788 582 3850 sed
600 3789 762 3872 aequalia.

634 3923 650 3990 5

458 4025 580 4091 Pennis
596 4029 763 4110 decorata,

457 4123 553 4186 terris
569 4124 698 4190 elevata

414 4236 489 4281 cum
506 4220 586 4282 rotis
603 4223 716 4287 euntia
730 4245 738 4303 ;

1093 1015 1193 1080 Facie
1209 1037 1325 1081 serena

1093 1111 1265 1177 oculorum
1283 1113 1382 1196 plena

1050 1211 1141 1275 verbi
1159 1213 1223 1276 Dei
1241 1213 1366 1276 nuntia.

1268 1325 1290 1388 6

1097 1435 1137 1498 In
1153 1437 1205 1500 his
1223 1447 1364 1520 possunt
1380 1439 1469 1502 cerni

1096 1541 1210 1606 annuli
1226 1543 1380 1624 quaterni

1051 1644 1173 1726 quibus
1189 1645 1289 1710 archa
1305 1645 1443 1726 vehitur,

1095 1748 1225 1832 Quibus
1241 1753 1366 1834 dogma
1382 1771 1499 1815 sanum

1095 1873 1155 1936 per
1172 1853 1421 1920 Samaritanum

1046 1957 1304 2042 circumquaque
1320 1961 1439 2024 seritur

1266 2087 1285 2152 7

1092 2181 1167 2246 Tali
1184 2185 1273 2267 quali
1289 2186 1438 2268 plaustro

1092 2289 1210 2353 mulier
1226 2291 1269 2354 ab
1285 2291 1413 2355 Austro

1050 2383 1376 2472 Salomonem'adiit,

1093 2499 1132 2562 In
1149 2501 1212 2564 hac
1228 2522 1287 2566 ceu
1305 2502 1467 2585 quadriga

1092 2605 1213 2690 Agnus
1229 2617 1280 2672 est
1296 2609 1411 2692 auriga

1048 2711 1104 2792 qui
1121 2731 1181 2794 pro
1198 2713 1293 2776 nobis
1309 2713 1401 2778 obiit.

1267 2836 1285 2896 8

1093 2945 1171 3008 Istis
1188 2947 1220 3009 in
1238 2947 1289 3010 bis
1304 2946 1391 3011 binis

1091 3059 1192 3130 caput
1209 3059 1259 3113 est
1274 3059 1307 3114 et
1324 3050 1398 3114 finis

1047 3151 1199 3218 Christus
1215 3155 1388 3236 complens
1404 3158 1518 3220 omnia
1532 3179 1539 3234 ;

1093 3259 1223 3322 Horum
1241 3261 1460 3336 documentis,

1089 3362 1208 3427 horum
1226 3363 1456 3428 instrumentis

1047 3465 1166 3530 florens
1187 3477 1255 3532 stat
1272 3469 1431 3534 Ecclesia.

1087 3703 1144 3766 Ad
1162 3608 1427 3769 eorum91audem

1088 3828 1265 3872 caveamus
1282 3810 1442 3880 fraudem.

1046 3911 1150 3974 immo
1166 3933 1318 3996 quaeque
1334 3915 1415 3978 vitia
1429 3937 1435 3992 ;

1091 4017 1223 4081 Horum
1239 4029 1277 4082 ut
1292 4019 1446 4082 doctrina

1088 4125 1192 4190 virtus
1208 4147 1269 4190 nos
1285 4127 1399 4191 divina

1042 4231 1143 4295 ducat
1160 4232 1202 4296 ad
1219 4231 1385 4298 caelestia.

368 4388 574 4445 Manuscrlts.
591 4394 686 4452 Pnnrs
701 4415 707 4451 :
721 4399 874 4468 Bibl.Nat.‚
888 4417 949 4469 904,
963 4404 1087 4459 Graduel
1101 4407 1137 4460 de
1151 4407 1261 4475 Rouen,
1274 4407 1521 4476 xiiie-xivssiecles,
1536 4409 1586 4473 N,·

333 4467 647 4543 905‚ldem‚xv‘siecle‚
660 4477 707 4542 R,·
731 4491 822 4548 17317,
850 4482 950 4536 Missel
963 4483 999 4537 de
1010 4485 1120 4551 Rouen,
1130 4485 1279 4555 xv⁰siecle,
1294 4488 1335 4552 S,·
1362 4488 1434 4543 Bibl.
1452 4489 1479 4542 S.
1490 4490 1583 4544 Gene-

332 4540 415 4614 vidve,
430 4548 473 4602 Ci.
490 4551 598 4605 81111Ὅ
613 4567 635 4621 5,
650 4557 798 4626 xv‘siecle,
812 4569 840 4614 et
857 4578 892 4615 en
905 4562 1019 4630 general
1033 4565 1073 4618 les
1093 4565 1208 4620 Missels
1221 4578 1249 4621 et
1263 4568 1405 4622 Graduels
1418 4569 1454 4622 de
1473 4570 1582 4623 Rouen.

333 4619 497 4682 LONDRES:
514 4631 586 4684 Mus.
603 4633 681 4700 Brit,
694 4637 771 4692 Add.
790 4655 883 4709 12194‚
898 4659 960 4696 vers
975 4656 1047 4711 1275,
1062 4645 1116 4698 LE
1121 4664 1136 4710 ,·
1150 4647 1230 4701 Nero
1244 4648 1268 4701 E
1283 4660 1349 4716 vul,
1363 4648 1420 4702 xive
1430 4648 1523 4718 siecle,
1535 4648 1584 4702 LI.

368 4755 410 4798 10
441 4763 507 4801 vere
519 4748 681 4808 Nidrosien.

365 4828 412 4876 2b
442 4842 506 4880 cum
519 4828 719 4904 Rothomagen.
745 4839 883 4910 refulgere
897 4843 1070 4913 Nidrosr'em,
1089 4845 1300 4902 contraireala
1308 4849 1377 4902 rime
1389 4867 1396 4914 ;
1422 4867 1439 4904 c
1465 4851 1533 4905 dant
1548 4851 1585 4906 N.

332 4913 348 4952 e
376 4910 431 4956 tam
445 4905 556 4976 subegit
576 4911 613 4966 N.
645 4925 673 4968 et
687 4917 798 4986 subegit
813 4921 842 4974 S.

367 4987 408 5046 31
437 4983 552 5041 flamine
564 4990 646 5058 apres
660 4997 817 5052 correction
832 5000 864 5054 S.

365 5057 414 5114 6d
445 5063 571 5132 Quorum
585 5070 777 5132 San'sbun'en.
