4102 5790
677 525 820 580 PROSAE
847 526 1051 582 ECCLESIAE
1078 523 1302 584 LEODIENSIS
1551 533 1619 610 103

663 724 686 796 4
1078 709 1184 774 Furor
1200 709 1275 775 illos
1292 711 1411 792 incitat

449 818 564 882 Zerses
580 839 641 884 rex
657 821 870 900 convertitur,
1077 829 1117 873 ac
1134 817 1272 891 uterque
1288 810 1435 888 cursitat,

448 918 493 982 illi
509 920 590 983 dum
607 920 807 984 discernitur
1077 905 1256 968 incredfflis
1273 906 1390 970 recitat

557 1015 639 1080 fides
656 1026 767 1080 nostra
781 1039 796 1091 ‚·
1163 1069 1166 1076 Ι
1188 1001 1448 1083 haecpraedim.

448 1111 504 1176 Ad
521 1111 727 1195 baptismum
745 1115 895 1192 curritur,

449 1208 592 1293 populus
609 1209 765 1286 abluitur,

518 1397 522 1402 .
558 1303 624 1368 fide
639 1315 776 1388 sumpta.

1298 1176 1319 1237 6

1125 1339 1250 1402 Dicens
1266 1364 1272 1403 :
1289 1340 1341 1402 Tu
1350 1350 1500 1421 propera,

669 1433 684 1498 5
1124 1445 1161 1499 ut
1177 1455 1243 1498 non
1261 1435 1318 1500 lex
1334 1438 1440 1501 altera

453 1531 548 1595 Licet
565 1532 676 1614 Magis
693 1532 803 1614 patuit
1017 1531 1083 1594 iam
1101 1541 1135 1595 te
1150 1541 1339 1613 praevertat
1348 1555 1431 1616 gens
1446 1534 1566 1598 misera
1576 1559 1593 1612 ,-

451 1631 541 1710 quod
558 1629 641 1692 fides
658 1630 851 1712 praevaluit.
1126 1628 1224 1691 Nova
1240 1627 1303 1692 lert
1319 1627 1430 1692 littera
1499 1669 1501 1672 .

452 1747 619 1808 nunquam
634 1736 742 1789 tamen
759 1726 865 1790 defuit
1127 1744 1213 1806 quae
1230 1725 1314 1806 regit
1330 1726 1465 1789 aethera
1527 1767 1531 1772 -

559 1823 610 1884 his
627 1842 721 1885 mens
736 1843 831 1886 coeca.
1017 1821 1107 1902 quod
1124 1819 1213 1882 hunc
1224 1821 1345 1901 genuit
1351 1831 1519 1902 puerpera.
1532 1809 1538 1818 ⁸

404 1956 609 2006 Manusorlts.
646 1951 829 2003 HAARLEM:
862 1949 935 2004 Bibl.
950 1949 986 2003 de
1011 1949 1040 2002 la
1064 1947 1147 2016 Ville,
1169 1948 1294 2003 Graduel
1315 1949 1353 2002 du
1384 1949 1629 2022 saint-Sepulcre‚

371 2036 416 2084 xve
428 2029 520 2100 siecle,
536 2031 594 2084 HA
599 2042 605 2084 ;
678 2031 823 2084 Imitation
837 2031 875 2084 du
889 2028 1096 2083 Laetahundus.

406 2142 415 2180 1
430 2145 447 2182 o
477 2127 569 2182 fidelis
584 2128 688 2181 chorus
701 2128 763 2182 BB.
776 2127 906 2180 Modica.
920 2125 1026 2180 detruit
1040 2125 1067 2178 la
1079 2124 1159 2179 rime:

406 2222 419 2260 2
433 2212 454 2263 d
485 2209 510 2262 Ο
527 2208 613 2262 ludas
626 2207 688 2261 BB.
704 2208 915 2275 Leodr'en.1502.

405 2303 420 2356 3
432 2294 453 2342 b
483 2289 638 2343 ostendunt
650 2288 712 2342 BB.
729 2287 856 2341 Leodien.
869 2287 965 2341 donne
978 2303 1033 2340 une
1046 2285 1155 2354 syllabe
1168 2285 1204 2340 de
1218 2295 1288 2354 trop.

405 2383 452 2434 4a
483 2369 592 2422 Xerxes
602 2368 731 2422 Leodien.
747 2383 755 2420 1
764 2381 821 2436 502.
854 2369 961 2422 Xerses
974 2365 1338 2434 BB.laeodien.1523-154o.

407 2462 452 2517 sa
482 2449 589 2519 placuit
603 2448 673 2502 HA.
703 2465 721 2500 o
748 2447 853 2502 desinit
865 2447 995 2500 Modiin.
1018 2444 1223 2499 reminiscence
1239 2445 1438 2499 malheureuse
1465 2446 1504 2499 du
1527 2447 1627 2499 Laeta·

373 2527 505 2593 bundus;
526 2529 579 2582 elle
604 2527 708 2582 detruit
730 2528 758 2581 la
777 2527 856 2580 rime.
888 2533 909 2582 d
946 2525 990 2580 his
1003 2525 1187 2593 martyreslll
1200 2524 1269 2578 ΗΑ.
1302 2529 1316 2578 f
1342 2534 1372 2579 ut
1385 2535 1503 2596 uterque
1516 2525 1627 2592 frag

374 2619 478 2662 resecat
492 2608 707 2676 Leodien.r502.
739 2612 762 2660 h
788 2607 935 2677 praeclara
945 2606 1006 2660 BB.
1018 2605 1147 2659 Leodr‘cn.

406 2687 453 2742 oa
486 2689 653 2759 Impropera
666 2687 726 2740 ΒΕ.
742 2687 869 2740 Leodim.
901 2703 919 2739 o
948 2694 1092 2756 pervertat
1105 2684 1166 2738 BB.
1180 2684 1310 2738 Leodr'en.

723 2905 779 2978 73.
812 2885 887 2957 DE
917 2881 1262 2957 silvanum.

677 3056 688 3100 1
1303 3053 1325 3114 4

414 3142 606 3207 Gratuletur
621 3142 740 3206 chorus
758 3143 820 3206 iste
1044 3140 1164 3203 Mundi
1181 3139 1304 3202 fastum
1322 3139 1519 3216 detestatur,

415 3239 521 3321 sitque
538 3239 653 3320 procul
670 3258 770 3301 omne
786 3238 881 3302 triste
1044 3235 1168 3300 Christi
1185 3233 1294 3316 legem
1312 3233 1528 3316 amplexatur

457 3336 499 3399 ab
515 3335 581 3398 isto
596 3334 739 3416 collegio
754 3357 762 3413 ;
1089 3341 1162 3395 toto
1178 3331 1345 3394 desiderio
1361 3352 1368 3410 ;

417 3430 480 3494 Die
495 3441 632 3495 sanctus
648 3431 811 3495 hodierna
1047 3429 1230 3491 Militarem
1248 3447 1316 3490 rem
1333 3427 1455 3490 abiecit

419 3528 667 3608 transmigravit
683 3529 724 3590 ad
743 3546 888 3608 superna
1046 3533 1147 3606 atque
1163 3533 1271 3586 toturn
1290 3544 1326 3585 se
1342 3523 1483 3587 subiecit

463 3623 635 3686 Hubertus
652 3643 727 3686 cum
744 3623 878 3706 gaudio.
1092 3619 1265 3683 Lamberti
1282 3618 1431 3682 consilio.

678 3754 697 3800 2
1311 3747 1326 3813 5

420 3839 540 3906 Comes
556 3851 627 3906 erat
644 3841 825 3918 Palatinus,
1046 3839 1126 3901 Post
1139 3837 1222 3900 haec
1234 3838 1379 3900 Romam
1391 3846 1441 3901 est
1454 3835 1634 3919 proiectus,

420 3957 493 4002 cum
509 3936 652 4001 crudelis
670 3937 837 4002 Ebroinus
1047 3935 1079 3998 in
1097 3935 1259 3998 doctrinis
1277 3935 1342 3998 iarn
1361 3941 1539 4016 provectus

461 4033 674 4117 opprimebat
692 4034 867 4096 Franciam
885 4053 893 4109 ;
1094 4030 1266 4094 Lamberti
1282 4029 1416 4092 solertia
1430 4049 1437 4108 ;

423 4128 517 4193 lllam
534 4150 669 4213 prorsus
685 4129 832 4192 deseruit
1051 4124 1239 4210 Apostolos
1254 4125 1410 4202 visitavit,

421 4226 497 4308 quia
512 4225 596 4290 ierre
612 4244 680 4289 non
698 4225 808 4309 potuit
1050 4223 1171 4306 quibus
1191 4242 1268 4285 suos
1285 4221 1490 4304 mancipavit

462 4322 596 4404 tyranni
613 4320 786 4386 malitiam.
1096 4328 1190 4382 actus
1206 4327 1240 4382 et
1255 4315 1371 4381 officia.

423 4537 476 4603 Ad
494 4539 713 4602 Lambertum
731 4538 784 4601 hic
802 4537 959 4620 perrexit,
1051 4535 1148 4599 Tunc
1167 4536 1337 4601 Lamberti
1356 4531 1524 4616 magnifici

423 4645 600 4718 postquam
619 4653 727 4697 mores
745 4633 911 4697 intellexit
1053 4641 1194 4696 mortem
1211 4652 1344 4695 summo
1359 4627 1509 4713 pontifici

465 4731 568 4814 ipsius
584 4739 618 4793 et
635 4729 777 4807 merita;
1095 4727 1234 4811 angelus
1252 4727 1382 4809 aperuit
1420 4789 1425 4800 ,

427 4823 526 4890 Hunc
543 4826 746 4890 Lambertus
762 4825 958 4901 instruebat,
1053 4823 1120 4906 Qui
1137 4824 1251 4887 divino
1268 4821 1428 4886 miraculo

425 4919 476 4985 hic
492 4925 674 4986 instructus
690 4921 898 5004 adimplebat
1051 4939 1128 4984 cum
1145 4919 1304 5002 pastorali
1321 4918 1442 4981 baculo

468 5019 518 5081 sui
534 5015 640 5108 patris
657 5016 793 5084 monita.
1101 5016 1210 5085 eidem
1228 5015 1393 5104 apparuit.
