4102 5792
602 543 745 592 mosara
773 509 976 593 accensus
1004 543 1226 593 nvnrcnusrs

598 745 680 814 294.
713 721 788 794 oa
818 720 1042 796 snucro
1076 721 1285 797 arnsro.

342 944 364 989 1.
390 925 549 989 Laetetur
564 924 715 987 Ecclesia
731 922 888 1002 fidelium,

338 1040 364 1086 2.
390 1023 548 1087 Exsultet
564 1041 625 1106 pro
641 1022 747 1106 gloria
763 1022 858 1104 plebs
875 1031 1069 1104 martyrum,

339 1171 365 1234 3.
389 1153 500 1238 Quam
517 1155 660 1237 adeptus
676 1153 820 1235 inclytus
837 1162 887 1216 est
903 1152 1002 1216 hodie
1019 1151 1158 1230 Blasius,
1181 1131 1184 1136 Ι

336 1271 365 1330 4.
390 1253 466 1316 Non
484 1253 644 1334 deceptus
660 1251 798 1315 caelitus
815 1251 848 1314 in
866 1249 1142 1334 promissionibus
1158 1272 1164 1328 ;

338 1397 364 1463 5.
390 1384 499 1446 Deum
517 1383 638 1460 timuit,
654 1383 792 1446 credens
811 1383 862 1445 llli
879 1383 1029 1461 sedulus;
1046 1383 1090 1446 ob
1105 1382 1169 1445 hoc
1186 1383 1289 1465 ipsius
1303 1401 1369 1446 non
1383 1389 1433 1446 est
1446 1401 1570 1445 merces

442 1490 603 1543 evacuata
618 1501 626 1558 ;

334 1579 362 1640 6.
386 1577 420 1640 A
446 1578 521 1640 Deo
538 1579 614 1640 'non
643 1577 801 1640 recedens
826 1597 894 1658 spe,
921 1577 1145 1640 misericordia
1170 1577 1293 1654 divina,
1310 1585 1421 1640 mente
1445 1575 1570 1639 solatur

442 1673 618 1738 oblectata.
1192 1685 1193 1688 ’

337 1823 364 1888 7.
388 1807 536 1872 Caritate
554 1807 617 1871 Dei
634 1827 821 1886 succensus,
837 1809 937 1870 corde
954 1808 1081 1871 mundo
1096 1807 1235 1872 caelitus
1252 1818 1301 1871 est
1318 1807 1534 1884 illuminatus,

336 1907 363 1968 8.
387 1905 570 1968 Armatura
587 1905 645 1968 tali
661 1905 818 1969 defensus
834 1905 1083 1968 demonstratur
1106 1906 1219 1970 animo
1243 1925 1414 1986 nunquam
1439 1917 1570 1968 contur-

441 2003 548 2067 batus.

337 2143 365 2204 9.
389 2125 445 2192 Ob
461 2126 531 2189 eius
549 2126 666 2189 merita
683 2128 842 2189 virtutum
863 2125 1107 2208 praecellentia,
1123 2125 1266 2190 extollat
1282 2126 1376 2209 plebs
1393 2124 1448 2208 pia
1465 2124 1571 2188 imbu-

443 2234 514 2288 tum
531 2224 620 2286 hunc
636 2224 813 2306 prudentia
828 2245 835 2302 ;
857 2225 984 2306 spernit
1000 2223 1150 2306 gloriam,
1168 2223 1251 2306 sugit
1268 2222 1400 2306 plebem
1422 2223 1572 2300 noxiam,

444 2321 529 2404 petit
546 2341 693 2383 eremum
708 2342 715 2398 ;

322 2434 366 2482 10.
392 2417 439 2482 Ut
456 2426 589 2498 tempus
613 2417 764 2493 redimat,
789 2415 906 2480 diebus
932 2417 1028 2480 malis
1053 2417 1154 2480 laciat
1179 2417 1317 2479 virtutes
1344 2415 1521 2494 mirandas,
1538 2418 1570 2479 in

445 2513 543 2576 rebus
559 2513 655 2575 claris
672 2513 830 2590 effandas,
851 2514 1015 2578 mansueti
1033 2514 1120 2577 t'erae
1137 2524 1316 2576 cernuntur
1342 2533 1571 2576 mansuescere

446 2613 488 2675 ad
506 2612 690 2694 imperium.

322 2758 368 2806 11.
392 2741 553 2825 Obsequii
570 2742 646 2806 seris
662 2763 723 2824 pro
739 2743 869 2818 solati0,
886 2743 1034 2806 redditur
1050 2762 1124 2804 curn
1144 2741 1275 2806 medela
1291 2743 1346 2824 pia
1363 2740 1552 2806 benedictio
1568 2763 1575 2818 ;

448 2839 587 2902 redeunt
604 2840 650 2903 sic
666 2839 792 2903 alacres
808 2841 850 2903 ad
868 2861 946 2903 arva
960 2861 967 2918 ;

323 2951 367 2999 12.
392 2935 629 3018 Deprehensus
645 2934 703 3000 tali
720 2956 765 2998 ex
782 2935 1109 3014 miracu10,trahitur
1125 2937 1167 3000 ad
1184 2935 1372 3019 praesidem
1398 2936 1504 3000 laetus
1529 2955 1574 2999 ex

447 3031 581 3095 oraculo
599 3032 750 3114 mystic0,
766 3029 956 3096 offerendus
973 3032 1092 3098 hostia.

324 3178 368 3241 13.
393 3161 586 3225 Incredulos
602 3162 767 3225 convertit
783 3161 945 3239 docendo,
961 3162 1087 3225 debiles
1104 3160 1253 3225 reficiens
1270 3162 1438 3240 curand0;

325 3275 369 3337 14.
395 3259 579 3342 Redarguit
596 3259 793 3341 praesidem,
809 3261 951 3324 sustinet
967 3259 1109 3323 fustibus
1126 3280 1161 3323 se
1177 3259 1384 3322 caedentem.

327 3407 336 3450 1
345 3403 369 3469 5.
394 3389 461 3453 Ter
477 3391 509 3453 in
527 3411 690 3455 carcerem
708 3391 860 3467 truditur,
876 3390 956 3454 diris
973 3389 1105 3473 ungulis
1118 3410 1298 3474 suspensus
1315 3389 1457 3472 equuleo
1474 3409 1577 3454 vexa-

450 3495 512 3551 tur.

327 3585 370 3650 16.
398 3586 435 3648 ln
453 3585 561 3649 lacum
579 3605 685 3668 aquae
702 3587 853 3661 mittitur,
872 3587 961 3650 miris
986 3607 1072 3670 quae
1096 3587 1204 3650 modis
1228 3585 1290 3648 sub
1311 3586 1413 3666 ipsius
1440 3604 1579 3667 corpore

451 3683 619 3746 densatur.

327 3833 371 3896 17.
396 3817 548 3881 Tandem
566 3818 675 3899 capite
687 3827 866 3895 truncatur,
878 3817 1050 3882 cohortem
1063 3837 1176 3880 secum
1190 3815 1367 3899 plurimam
1388 3821 1578 3876 consortem

241 3919 245 3928 '
328 3915 373 3978 18.
397 3913 490 3977 Fecit
507 3914 615 3976 meriti
632 3923 665 3978 et
682 3915 854 3992 mercedis,
869 3914 948 3978 boni
966 3914 1087 3976 summi
1105 3933 1143 3977 ac
1160 3912 1314 3995 perennis
1333 3909 1421 3974 doni.

329 4061 373 4126 19.
399 4043 559 4106 Laetatur
583 4064 670 4106 nunc
698 4045 730 4107 in
764 4045 921 4120 Domin0,
951 4043 1197 4126 contemplatur
1228 4041 1376 4126 praemia
1408 4041 1581 4117 iustorum,

455 4139 664 4202 maiestatem
683 4140 746 4202 Dei
764 4162 770 4218 ;

326 4251 375 4299 20.
398 4235 516 4312 Nobis,
543 4255 677 4316 precum
710 4234 877 4318 suffragio,
902 4236 1062 4319 deposcat
1094 4237 1256 4298 eximium
1285 4235 1444 4311 solamen,
1468 4231 1580 4296 vultus

455 4340 587 4394 nostrae
603 4331 681 4412 spei.

361 4439 568 4488 Manuscrlts.
591 4433 733 4490 tuanen:
750 4435 821 4490 Bibl.
831 4436 866 4489 de
876 4436 902 4490 la
911 4435 993 4503 Ville,
1003 4435 1127 4490 Graduel
1139 4436 1175 4490 de
1185 4436 1307 4502 Lubeck,
1318 4434 1475 4501 xiv⁰siecle,
1488 4433 1583 4500 LUB;

327 4513 425 4568 Missel
439 4513 475 4568 de
487 4513 610 4582 Lubeck,
624 4513 681 4569 xive
689 4513 784 4583 siecle,
797 4515 892 4580 LUC,·
926 4515 1051 4570 Graduel
1065 4516 1101 4570 de
1116 4515 1239 4582 Lubeck,
1253 4521 1299 4568 xve
1308 4513 1403 4582 siecle,
1417 4513 1513 4569 LUK.

363 4637 380 4692 6
401 4639 470 4692 ldeo
483 4637 614 4693 Lubicen.

362 4718 378 4771 8
397 4727 571 4772 monstratur
584 4719 680 4772 animo
694 4717 783 4773 LUB.
796 4719 890 4772 LUK.
906 4719 1043 4786 Lubicen,
1056 4719 1106 4772 fait
1120 4736 1156 4771 un
1171 4735 1235 4773 vers
1248 4718 1322 4771 saux.

364 4813 380 4864 9
398 4798 444 4851 Ab
457 4797 517 4851 eius
530 4797 660 4852 Lubicen.

349 4893 381 4930 10
401 4877 438 4931 Et
451 4887 564 4946 tempus
575 4878 704 4932 Lubicen.
736 4895 801 4932 vere
815 4887 967 4932 cernuntur
979 4879 1109 4932 Lubicen.

350 4971 379 5010 12
400 4957 600 5026 Reprehensus
613 4959 742 5014 Lubr‘can.
774 4957 897 5012 hostiam
908 4959 1040 5013 Lubicen.

353 5049 381 5106 15
401 5037 522 5107 equuleo
534 5055 656 5108 manque
669 5038 742 5092 dans
756 5038 885 5092 Lubicen.
