4116 5784
617 556 760 609 l'ROSAE
787 558 992 610 ECCLESIAE
1019 559 1330 610 BVRDEGALENSIS
1518 563 1586 630 401

630 751 663 797 11
1006 737 1077 800 Nos
1094 737 1137 801 ab
1152 737 1214 802 hac
1232 737 1427 818 captivitate

1004 844 1224 906 supernorum
1241 825 1376 889 civitate

377 899 552 976 Emiliane,
567 909 663 982 pater
678 900 785 977 beate,
1047 921 1209 1001 perducas
1224 921 1266 984 ad
1283 920 1416 1002 gaudia.

375 995 477 1076 digna
492 1015 628 1077 precum
646 995 799 1060 ubertate
1258 1024 1295 1070 12

418 1101 533 1156 nostra
548 1091 624 1154 dele
639 1093 720 1155 vitia
734 1113 741 1169 ;
1047 1094 1159 1158 Amen
1176 1095 1291 1158 dicant
1307 1096 1432 1160 omnia.

368 1243 562 1294 Manusorlt.
585 1239 700 1294 Purus:
718 1238 790 1294 Bibl.
808 1241 883 1308 Nat,
897 1239 958 1306 871,
973 1239 1073 1296 Missel
1086 1241 1122 1296 de
1136 1242 1296 1311 Bordeaux,
1310 1248 1357 1295 xv*
1367 1240 1462 1311 siecle,
1478 1242 1520 1296 W.

370 1365 380 1404 1
397 1363 414 1402 a
446 1345 485 1398 Le
498 1361 566 1398 nom
575 1345 611 1400 de
622 1345 703 1400 Saint
715 1327 838 1399 Lmilien
848 1345 943 1400 donne
956 1345 973 1399 a
987 1362 1019 1400 ce
1029 1363 1092 1400 vers
1106 1365 1161 1401 une
1174 1348 1282 1417 syllabe
1292 1347 1328 1402 de
1341 1359 1419 1418 trop;
1433 1347 1451 1401 il
1461 1365 1496 1403 en
1505 1357 1547 1403 est
1559 1347 1595 1401 de

336 1433 427 1488 meme
440 1427 558 1498 strophe
574 1441 615 1496 11,
628 1426 664 1481 ob
678 1427 704 1480 le
716 1427 840 1498 premier
853 1443 915 1480 vers
929 1427 1043 1497 compte
1052 1428 1099 1482 dix
1112 1429 1234 1497 syllabes
1247 1446 1283 1483 au
1297 1429 1353 1484 lieu
1366 1429 1402 1484 de
1412 1429 1480 1484 huit.
1506 1447 1522 1483 e
1548 1445 1593 1483 co-

334 1513 418 1569 limus
434 1511 477 1566 W.
491 1508 680 1580 Burdegalen.
715 1509 755 1562 La
767 1509 838 1562 rime
851 1508 931 1578 exige
952 1509 978 1563 le
1001 1509 1161 1578 subjonctif.
1190 1515 1211 1564 d
1240 1509 1313 1566 festa
1340 1509 1383 1565 W.
1402 1509 1594 1580 Burdegalen,

336 1611 398 1649 vers
410 1593 483 1648 saux.

373 1688 385 1745 5
400 1692 419 1729 a
450 1673 577 1742 fulgebat
589 1671 702 1725 animus
719 1670 762 1724 W.
772 1670 961 1740 Burdegalen.

370 1757 451 1810 6ab
481 1753 605 1808 imbutus
618 1751 829 1806 misericordiae
848 1749 892 1806 W.
905 1752 1092 1822 Burdogalen.
1121 1753 1159 1806 Le
1171 1752 1282 1822 rythme
1291 1751 1373 1822 exige
1381 1750 1593 1814 l’interversion,

372 1853 387 1904 7
401 1857 421 1894 a
451 1837 567 1909 quidam
581 1855 705 1907 manque
718 1837 790 1891 dans
808 1836 852 1890 W.
865 1847 893 1891 et
907 1837 979 1890 dans
994 1836 1182 1905 Burdegalen.

372 1935 417 1988 90
448 1919 521 1974 redit
531 1917 723 1988 Burriegalen.

357 2014 417 2054 roo
447 1999 564 2053 nudavit
581 1998 772 2068 Burdegalen.

373 2096 412 2151 Le
422 2105 497 2152 terte
509 2096 545 2151 de
558 2105 632 2151 cette
648 2097 734 2150 Prose
744 2104 787 2149 est
801 2093 858 2149 tres
871 2110 1023 2165 corrompu
1035 2111 1087 2164 par
1100 2093 1236 2149 endroits.

390 2285 470 2355 281.
506 2281 581 2355 DE
612 2279 1019 2355 CONCEPTIONE
1052 2279 1276 2352 BEATAE
1310 2277 1545 2350 MARIAE.

648 2455 659 2500 1

426 2539 580 2604 Candida
595 2541 777 2623 virginitas,

470 2656 674 2719 consurgens
690 2656 817 2712 aurora,

428 2733 509 2816 legis
524 2733 629 2815 glosa,
644 2733 774 2809 veritas,

469 2830 612 2911 desuper
628 2830 730 2891 irrora

468 2924 577 3004 gratia
591 2923 712 2988 decora
724 2944 732 3001 ;

428 3017 613 3099 Splendida
629 3017 820 3099 benignitas

468 3113 598 3176 fervens
614 3115 705 3176 omni
722 3114 804 3176 hora

427 3211 557 3274 radiosa
573 3209 726 3288 charitas,

470 3305 592 3369 Filium
609 3326 723 3383 exora,

469 3402 602 3465 veniam
619 3400 769 3484 implora.

646 3610 663 3655 2

430 3775 518 3839 Nam
535 3775 584 3839 tui
600 3774 776 3856 conceptio

473 3871 536 3935 suit
552 3870 706 3935 nuntiata

430 3965 582 4048 angelico
598 3965 718 4029 nuntio

474 4061 597 4125 Annae
612 4061 758 4124 lucidata

432 4159 524 4221 cuius
540 4167 576 4221 tu
593 4156 740 4240 alloquio

475 4274 509 4316 es
525 4251 742 4329 sanctificata,

430 4359 508 4413 ante
524 4359 640 4412 sancta
656 4367 756 4431 quarn
775 4355 862 4408 nata.

431 4444 534 4509 Verbi
552 4445 736 4509 incarnatio

476 4541 557 4604 mire
573 4540 715 4623 figurata

434 4644 467 4698 et
482 4637 599 4717 grandi
617 4635 809 4718 spectaculo

479 4731 590 4816 Moysi
607 4741 800 4806 monstrata,

437 4827 550 4891 divino
566 4827 706 4892 consilio

481 4925 513 4988 in
531 4935 564 4990 te
580 4933 812 4988 consummata

441 5021 536 5085 nobis
553 5031 603 5086 est
618 5021 687 5084 vita
703 5021 790 5084 data.

1056 2539 1111 2602 Ex
1129 2547 1161 2602 te
1177 2547 1250 2600 orta
1267 2452 1410 2613 lieritas,

1100 2653 1177 2696 vera
1195 2631 1272 2695 Lux
1289 2641 1323 2695 et
1340 2633 1417 2710 Via,

1059 2729 1291 2804 Homo-Deus
1308 2727 1426 2810 Agios,

1100 2823 1262 2900 Salvator,
1279 2823 1414 2902 Messia,

1056 2940 1155 3002 quam
1172 2929 1313 2983 testatur
1330 2920 1448 2982 Deitas

1098 3036 1175 3078 vera
1191 3015 1367 3096 prophetia

1099 3099 1278 3194 Symeonis
1294 3109 1357 3174 illa.

1060 3205 1102 3268 Et
1119 3214 1238 3269 exorta
1254 3206 1391 3268 castitas

1099 3302 1142 3364 de
1158 3301 1290 3365 saeculo
1306 3302 1372 3378 dia,

1056 3408 1106 3460 est
1122 3407 1295 3478 assumpta
1311 3396 1438 3478 puritas

1099 3493 1226 3575 superis
1244 3493 1361 3570 Maria,

1057 3588 1221 3652 collocata
1238 3589 1398 3651 sanctitas

1102 3703 1178 3745 curn
1194 3703 1272 3746 vera
1289 3683 1426 3764 Sophia,

1103 3779 1253 3842 omnium
1271 3779 1392 3860 regina.

1062 3969 1130 4036 Ubi
1147 3969 1206 4034 tibi
1223 3971 1370 4032 serviunt

1105 4065 1195 4128 chori
1212 4064 1407 4147 angelorum

1062 4169 1095 4224 et
1112 4161 1144 4223 in
1162 4170 1195 4223 te
1212 4160 1419 4242 prospiciunt

1106 4257 1242 4339 agmina
1259 4266 1450 4321 sanctorum
1467 4283 1473 4321 :

1059 4355 1075 4383 ‘¹
1089 4351 1163 4415 Ave
1175 4351 1191 4378 '’
1207 4361 1332 4415 canunt
1350 4354 1495 4416 modulis

1104 4447 1266 4528 “Regina
1282 4447 1460 4513 caelorum.
1476 4449 1492 4476 ”

1065 4542 1136 4619 Eia,
1149 4542 1250 4606 decus
1267 4543 1444 4624 virginum,

1111 4639 1218 4722 gloria
1234 4639 1406 4716 iustorum,

1066 4757 1142 4820 spes
1158 4757 1234 4800 vera
1252 4735 1410 4813 fidelium,

1110 4843 1205 4887 venia
1223 4843 1364 4900 reorum,

1068 4921 1133 4984 duc
1150 4939 1211 4982 nos
1227 4929 1304 5001 post
1320 4920 1476 4984 exsilium

1112 5017 1155 5078 ad
1172 5035 1275 5096 regna
1291 5015 1452 5097 polorum.

1526 5157 1554 5198 26
