4116 5784
475 513 495 584 3
503 513 549 586 50
787 467 928 561 exosae
956 508 1159 560 ECCLESIAE
1187 509 1422 562 MORINENSIS

776 705 814 751 12

651 813 698 872 Te
713 807 870 870 decoram

650 912 687 966 ut
702 921 856 966 auroram

563 999 707 1064 universi
724 997 905 1081 proferunt,

653 1103 687 1160 te
702 1093 844 1158 electam

650 1201 683 1255 et
700 1189 892 1274 perfectam,

565 1298 598 1353 te
615 1287 764 1370 reginam
783 1295 943 1350 asserunt.

776 1425 787 1470 1

652 1522 760 1604 Virgo
777 1425 869 1628 ldnis,

652 1639 713 1682 nos
729 1637 748 1679 a
764 1635 881 1698 poenis

565 1715 658 1780 salva
673 1711 924 1797 gehennalibus,

1287 709 1347 752 nec
1363 689 1529 754 substerni

1282 804 1343 849 nos
1360 782 1479 848 inferni

1195 881 1285 943 sinas
1301 881 1510 946 cruciatibus.

1407 1090 1445 1152 ¹4

1286 1235 1405 1299 Noxas
1421 1235 1497 1298 dele

1282 1331 1474 1411 parentelae

1196 1435 1330 1488 nostrae
1346 1426 1411 1490 tuis
1428 1426 1590 1508 precibus,

1284 1530 1317 1586 et
1333 1521 1377 1584 da
1393 1523 1522 1587 cunctis

1283 1615 1380 1678 nobis
1397 1616 1517 1680 iunctis

1198 1711 1258 1774 irui
1272 1711 1369 1776 bonis
1385 1713 1550 1780 omnibus.

514 1892 596 1947 Cette
607 1891 695 1945 Prose
708 1906 739 1945 se
752 1888 783 1944 lit
797 1889 869 1943 dans
883 1889 1086 1957 Banluuuuu,
1099 1889 1263 1944 Parnassus
1276 1889 1525 1958 Man'anus,1624,
1539 1908 1566 1961 p.
1575 1903 1634 1958 271.

513 2029 529 2082 3
543 2019 565 2068 b
594 2013 675 2066 vides
688 2013 900 2066 Burrrrcrrarr.

511 2097 563 2159 4b
594 2109 625 2148 es
634 2093 779 2147 Mon'nen.

516 2186 530 2242 5
545 2189 565 2228 a
596 2174 669 2226 Vers
682 2189 750 2226 sans
764 2171 883 2241 rythme.
917 2171 1085 2228 Faudrait-il
1098 2171 1213 2226 retablir
1229 2191 1235 2226 :
1257 2172 1388 2226 Gravr'da
1401 2174 1432 2226 in
1444 2176 1605 2229 senectute?

512 2253 529 2306 6
543 2257 563 2307 d
596 2253 676 2320 Quae
689 2253 773 2322 culpa
784 2252 998 2322 ΒΑιΙΝσΗΕΜ,
1011 2251 1107 2306 n'offre
1121 2268 1173 2322 pas
1187 2251 1225 2307 de
1238 2269 1314 2307 sens.

515 2333 531 2386 8
546 2349 562 2386 e
593 2332 670 2386 orbis
684 2341 761 2386 totus
774 2332 916 2388 Momm.
932 2349 994 2390 vers
1007 2331 1083 2386 faux.
1112 2331 1247 2402 orbisque
1258 2333 1469 2387 BALJNGHEM.

514 2427 565 2481 93
595 2429 700 2467 excusa
712 2411 923 2466 Bxurnrcrrarr.

499 2496 565 2546 rob
596 2491 673 2545 dicta
687 2491 769 2546 stella
782 2491 992 2544 Barrncrrarr.

497 2585 527 2626 12
541 2588 561 2626 a
592 2571 725 2626 decorem
738 2571 880 2626 Mon'nen.
913 2589 931 2626 c
955 2569 1116 2642 praeierunt
1130 2569 1274 2626 Morinen.

781 2873 861 2946 24³·
900 2849 975 2922 DE
1013 2850 1202 2925 annun
1238 2852 1433 2927 unam.

784 3069 795 3114 1

481 3157 512 3222 T
510 3155 716 3238 riumplzanti
731 3155 859 3218 Mariae
876 3155 962 3218 Filio

475 3253 584 3335 campi
601 3251 683 3326 flori,
697 3250 858 3314 convallis
874 3249 943 3312 lilio

475 3349 652 3415 iubilemus
668 3397 675 3426 ,
691 3345 840 3429 Virginis
856 3346 982 3427 gaudio

650 3441 910 3524 congaudentes.

476 3541 572 3606 Felix
587 3539 706 3615 Mater,
723 3556 781 3618 per
796 3537 890 3599 cuius
905 3537 1069 3619 gremium

476 3637 566 3702 venit
583 3635 625 3700 ad
642 3653 703 3698 nos
720 3631 860 3696 Creator
876 3633 1036 3712 omnium,

476 3753 535 3817 per
550 3747 700 3795 cruorem
719 3727 886 3790 mundans
903 3728 1079 3794 innoxium

650 3845 711 3888 nos
728 3831 895 3890 nocentes.

477 4043 586 4121 Salve,
605 4043 669 4106 Dei
688 3953 799 4104 Matei
813 4048 847 4103 et
863 4037 940 4116 filia,

475 4160 561 4224 quae
577 4156 713 4221 superas
730 4137 857 4198 intacta
873 4135 986 4210 noxia,
1040 4169 1041 4176 ,

474 4235 571 4301 stella
588 4233 689 4297 maris
705 4241 738 4294 et
754 4231 836 4294 caeli
853 4232 953 4313 regia,

648 4328 769 4391 florens
785 4326 910 4404 hortuS,

476 4429 565 4494 Fons
581 4427 764 4500 hortorum,
779 4421 887 4504 Virgo
903 4430 1073 4504 perpetua,

474 4546 550 4608 spes
567 4541 708 4596 reorum,
724 4517 812 4582 stilla
829 4517 995 4594 melliflua,

475 4621 535 4684 lux
551 4635 737 4692 caecorum,
753 4613 869 4676 salutis
886 4614 994 4691 ianua,

648 4705 736 4768 vitae
752 4711 875 4784 portus.

516 4915 673 4982 Thronus
689 4911 757 4976 veri
775 4907 974 4986 Salomonis,

518 5012 621 5080 vellus
639 5010 778 5074 madens
791 5005 969 5083 Gedeonis,

1193 3055 1281 3117 sicca
1297 3055 1414 3118 subtus
1430 3075 1528 3135 area;

1153 3149 1323 3212 Medicina
1339 3153 1522 3233 peccatoris

1151 3245 1239 3308 viam
1256 3255 1406 3310 sternens
1423 3248 1558 3310 viatoris

1192 3341 1246 3404 via
1262 3341 1343 3406 caeli
1361 3342 1475 3407 lactea

1411 3485 1433 3545 4

1153 3582 1358 3665 Reginarum
1376 3587 1582 3668 imperatrix,

1151 3679 1239 3742 vitae
1256 3691 1390 3743 nostrae
1407 3681 1630 3760 reformatrix,

1195 3775 1283 3838 oliva
1299 3775 1477 3856 fructifera,

1152 3871 1368 3935 Peccatorum
1387 3873 1585 3951 miseratrix,

1152 3967 1346 4030 miserorum
1363 3967 1570 4032 sublevatrix
1670 3979 1672 3982 ’

1195 4062 1251 4145 pia
1266 4072 1401 4146 gestans
1418 4064 1551 4128 viscera.

1415 4213 1430 4280 5

1279 4325 1379 4389 Mens
1394 4325 1508 4390 devora

1279 4421 1349 4484 Deo
1365 4432 1451 4500 nota,
1669 4491 1672 4498 ,

1150 4519 1315 4582 mundans
1332 4527 1451 4597 totum,
1468 4520 1593 4582 munda
1610 4527 1693 4597 tota,

1191 4635 1268 4678 caro
1283 4633 1400 4676 carens
1415 4615 1512 4691 carie,

1282 4709 1511 4792 Clamatforis

1276 4831 1311 4872 os
1325 4808 1457 4871 Actoris

1147 4915 1184 4969 ut
1199 4925 1256 4968 cor
1273 4904 1413 4968 mundes
1430 4905 1634 4986 peccatoris:

1191 5005 1207 5034 “
1219 5001 1316 5079 Veni,
1329 5021 1412 5064 vena
1429 5003 1553 5067 veniae.
1565 5002 1587 5028 '³'
1606 5017 1610 5024 ·
