4116 5784
567 569 710 621 PROSAE
737 569 942 621 ECCLESIAE
968 569 1290 622 SILVANECTENSIS
1490 551 1559 645 381

603 760 637 806 11
1235 759 1272 806 12

348 835 475 900 Volens
491 843 609 899 sancto
625 835 706 898 dare
721 833 849 898 lethum
863 855 871 914 ;
983 834 1137 914 Leonori,
1152 833 1227 899 sons
1243 834 1389 914 honoris,

350 933 407 996 sed
424 949 490 994 non
507 930 609 994 habet
626 930 707 994 lethi
725 939 862 1007 metum,
981 940 1016 994 te
1031 938 1166 994 orantes
1182 931 1262 994 totis
1278 931 1368 994 horis

350 1028 429 1092 dum
447 1046 577 1089 veneno
593 1045 652 1088 vas
668 1025 844 1108 impletum
981 1027 1071 1090 intus
1087 1044 1182 1090 serva
1198 1046 1259 1090 nos
1275 1036 1309 1089 et
1325 1027 1414 1104 foris,
1477 1073 1479 1078 -

392 1121 499 1185 crucis
514 1121 612 1203 signo
628 1120 791 1202 frangitur
805 1141 812 1198 ;
981 1121 1029 1185 tui
1046 1119 1143 1184 nobis
1159 1119 1244 1186 dans
1259 1121 1382 1184 amoris

351 1217 460 1299 Super
475 1216 612 1280 dantem
630 1215 719 1280 virus
734 1215 826 1279 cadit
1025 1235 1155 1280 sacrum
1172 1216 1373 1280 desiderium
1387 1237 1395 1297 ;

350 1331 450 1396 quem
467 1329 557 1374 mors
577 1329 677 1374 saeva
697 1329 779 1373 mox
800 1310 938 1386 invadit,
984 1311 1118 1376 Praesul
1135 1319 1259 1388 sancte,
1282 1310 1344 1374 flos
1367 1322 1570 1393 sanctorum,

352 1409 398 1471 sic
413 1425 580 1470 venenum
598 1407 696 1470 morti
713 1407 816 1470 tradit
983 1407 1044 1472 lux
1060 1417 1093 1472 et
1109 1409 1211 1472 decus
1226 1406 1463 1486 consessorum,

396 1525 472 1571 eurn
489 1525 565 1569 cum
582 1525 650 1589 quo
665 1505 816 1569 traditur.
985 1523 1046 1568 nos
1061 1503 1104 1568 de
1120 1502 1211 1566 faece
1227 1503 1473 1567 mundanorum

985 1599 1018 1664 in
1035 1599 1178 1664 caeleste
1193 1598 1336 1663 transfer
1351 1600 1489 1664 chorum

988 1738 990 1744 ·
1024 1696 1067 1760 ad
1084 1714 1231 1778 perenne
1246 1694 1416 1776 gaudium.

348 1823 538 1875 manuscrit.
561 1818 678 1872 Pnnrs:
700 1815 772 1872 Bibl.
799 1817 827 1872 S.
842 1815 1012 1885 Genevieve,
1035 1815 1141 1870 uBBL
1155 1829 1194 1884 ιι,
1216 1815 1316 1870 Missel
1339 1815 1376 1869 de
1402 1816 1504 1887 Senlis,
1525 1825 1572 1872 xve

315 1898 408 1969 siecle,
427 1899 455 1954 V.

351 2001 392 2050 1f
422 2012 519 2051 secum
532 1983 605 2049 velie
618 1993 808 2050 Silvamcten.

347 2089 365 2142 4
384 2075 507 2146 Strophe
519 2073 656 2143 curiense,
668 2074 686 2128 a
698 2075 872 2144 rapprocher
883 2073 920 2129 de
933 2073 1003 2130 celle
1015 2073 1064 2145 qui
1083 2071 1172 2130 existe
1190 2073 1262 2128 dans
1281 2075 1310 2130 la
1330 2075 1417 2131 Prose
1436 2075 1472 2132 de
1492 2068 1574 2132 Saint

316 2154 495 2225 Gendulphe‚
509 2171 564 2226 que
576 2171 649 2209 nous
662 2171 750 2223 avons
763 2153 884 2224 publiee,
897 2160 929 2208 ῐι0
940 2166 997 2224 154.

348 2249 398 2302 9a
428 2233 520 2304 Super
532 2249 627 2289 rerum
644 2234 671 2287 V.
704 2236 746 2287 er
777 2233 866 2288 Entre
879 2249 927 2288 ces
940 2233 1013 2288 deux
1025 2249 1089 2290 vers
1099 2249 1136 2287 on
1150 2231 1181 2287 lit
1194 2231 1266 2288 dans
1286 2235 1316 2289 V.
1331 2244 1359 2289 et
1381 2234 1454 2290 dans
1477 2234 1574 2290 Silva·

315 2321 419 2368 nemu.
431 2327 442 2364 .'

712 2382 817 2453 pedum
836 2383 959 2453 perdens
978 2399 1053 2452 usus,
1072 2393 1174 2439 nctus:

314 2461 387 2518 mais
399 2477 432 2517 ce
445 2479 508 2518 vers
524 2463 596 2516 n'est
608 2462 711 2532 qu’une
722 2463 802 2532 glose
819 2461 866 2532 qui
879 2473 973 2533 rompt
986 2463 1012 2518 le
1024 2462 1213 2534 parallelisnre
1237 2473 1265 2518 et
1283 2473 1326 2518 est
1340 2463 1438 2520 inutile
1451 2480 1486 2518 au
1499 2481 1575 2520 sens.

335 2546 395 2598 101
424 2541 511 2598 durus
529 2543 558 2597 V.
574 2542 761 2597 Silvanecten.
775 2540 916 2597 contraire
929 2541 946 2596 a
959 2541 987 2598 la
999 2541 1078 2598 n'me.

457 2728 539 2797 266.
572 2723 647 2796 DE
677 2723 717 2797 S.
739 2722 950 2798 THOMA
976 2722 1448 2798 ARCHIEPISCOPO.

406 2935 540 3013 Plaude,
557 2867 748 3013 caminada,

448 3032 566 3115 plausu
583 3041 752 3109 renovato,

406 3127 504 3192 laude
521 3126 701 3192 multifaria

363 3271 366 3276 -
449 3225 560 3289 Deum
577 3224 778 3302 collaudat0,

449 3321 528 3384 urbs
544 3319 761 3398 sanctificata,

452 3415 588 3480 firmiter
603 3414 765 3492 fundata,'

452 3511 526 3576 Deo
541 3519 745 3587 consecrata,

410 3607 557 3688 pretioso
572 3606 736 3688 sanguine

453 3701 614 3783 praesulis
630 3709 757 3776 ornata,

412 3807 444 3860 et
460 3796 566 3860 sancti
583 3794 746 3882 splarnine

454 3891 607 3956 Thomae
624 3891 774 3955 solidata.

414 4075 475 4139 Per
491 4003 816 4157 mortem²p0ntificis

457 4191 546 4235 mors
563 4169 790 4250 mortificatur,

413 4285 471 4349 per
486 4285 643 4330 occasum
660 4265 778 4329 iudicis

456 4362 507 4426 ius
523 4361 744 4444 reintegratur

457 4476 546 4520 mors
563 4465 705 4520 mortem
722 4455 861 4541 fugavit,

458 4551 547 4615 fraus
564 4551 665 4616 fidem
682 4550 826 4618 firmavit

341 4719 343 4722 ,
459 4667 530 4712 nox
546 4647 636 4712 diem
654 4649 811 4729 novavit;

418 4742 499 4808 rnira
514 4742 597 4808 lucis
613 4744 744 4808 novitas
882 4753 883 4756 ’

460 4859 562 4923 quarn
579 4859 650 4904 nox
666 4838 868 4918 reformavit,

421 4935 573 5002 miranda
587 4935 748 5000 vivacitas

463 5051 564 5115 quarn
581 5051 670 5098 mors
687 5031 896 5098 ministravit.

1254 2865 1271 2930 3

994 2975 996 2978 -
1036 2935 1169 3001 Emicat
1186 2956 1230 3000 ex
1246 2935 1394 3001 tenebris

1080 3030 1149 3110 lux,
1165 3051 1210 3094 ex
1226 3031 1332 3114 spinis
1349 3052 1433 3110 rosa,

1037 3135 1072 3191 et
1088 3147 1132 3191 ex
1150 3125 1273 3190 fraudis
1289 3125 1426 3190 latebris

1080 3220 1163 3286 fides
1179 3221 1349 3286 fructuosa
1364 3245 1372 3302 ;

1081 3328 1196 3401 pastor
1212 3317 1415 3397 immolatur,

1081 3412 1163 3477 fides
1180 3414 1364 3492 roboratur,

1084 3509 1228 3573 caecitas
1244 3521 1409 3588 caecatur,

1039 3605 1231 3686 congaudet
1248 3605 1401 3670 Ecclesia

1084 3702 1137 3764 cui
1153 3721 1225 3784 pax
1240 3701 1449 3780 reformatur,

1041 3794 1133 3860 dolet
1149 3795 1313 3860 iniustitia

1084 3891 1138 3956 cui
1155 3891 1205 3955 ius
1221 3892 1422 3958 dominatur.

1045 4073 1144 4138 Nova
1159 4005 1282 4139 nostrii
1298 4075 1441 4140 vallibus
1499 4101 1502 4110 ·

1087 4169 1185 4234 vinea
1201 4170 1382 4252 plantatur,

1044 4268 1103 4348 per
1119 4286 1221 4350 quam
1238 4269 1334 4334 nobis
1350 4271 1507 4337 omnibus

1090 4362 1179 4428 salus
1195 4373 1399 4430 restauratur
1413 4388 1422 4447 ;

1088 4457 1156 4525 iam
1173 4459 1258 4524 risus
1275 4482 1470 4542 moerorem,

1092 4553 1223 4638 requies
1240 4555 1399 4636 laborem,

1091 4650 1252 4732 gaudium
1269 4652 1430 4732 dolorem,

1050 4765 1125 4828 spes
1141 4747 1296 4811 timorem
1316 4759 1460 4831 superat,

1092 4843 1220 4908 sanitas
1231 4843 1442 4928 languorem,

1043 4937 1157 5004 'fraudi
1175 4937 1257 5006 fides
1273 4941 1425 5024 imperat,

1093 5033 1201 5100 frenat
1218 5055 1288 5118 pax
1304 5035 1458 5106 furorem.
