4116 5784
483 511 555 605 338
788 517 930 581 enosnu
961 527 1164 582 scccnsmn
1195 521 1431 582 normensis

741 733 823 802 230.
856 707 931 782 DE
962 707 1187 782 SANCTO
1220 709 1466 784 MAXIMO.

523 995 785 1078 Congaudentes
801 995 1012 1059 exsultemus

522 1103 555 1158 et
571 1094 707 1158 beatum
724 1093 952 1158 collaudemus

565 1212 683 1255 omnes
700 1211 766 1255 una
784 1189 975 1254 Maximum
991 1210 999 1268 ;

523 1288 613 1352 Huic
629 1288 810 1372 psallentes
826 1286 1007 1350 consessori

520 1387 564 1451 ab
580 1395 720 1468 utraque
736 1394 831 1468 parte
847 1383 940 1448 chori

563 1483 807 1547 concordemus
824 1482 1004 1565 plurimum
1021 1501 1029 1560 ;

782 1611 800 1656 2

520 1705 610 1789 Quia
627 1715 739 1770 noster
755 1715 805 1770 est
821 1715 992 1788 patronus,

519 1825 658 1868 concors
675 1802 733 1866 liat
749 1805 815 1867 oris
831 1822 932 1866 sonus

562 1912 595 1966 et
612 1901 733 1964 mentis
749 1901 906 1978 devotio;

519 1999 611 2062 Nihil
629 1998 755 2060 habens
773 1998 805 2060 in
824 2019 859 2060 se
875 1997 970 2060 triste

517 2095 729 2178 expendatur
744 2094 815 2157 dies
832 2095 894 2157 iste

561 2192 593 2255 in
611 2191 682 2254 eius
698 2191 886 2274 praeconio.

515 2413 574 2478 Ab
590 2423 700 2478 aetate
717 2413 897 2478 iuventutis

515 2532 574 2575 vas
591 2509 730 2574 effectus
745 2521 795 2574 est
810 2510 951 2587 virtutis,

559 2627 618 2671 vas
633 2607 785 2671 caelestis
806 2607 944 2689 gratiae,

516 2703 627 2770 Sacris
643 2724 785 2768 vernans
801 2704 972 2779 institutis,

515 2800 653 2865 verbum
671 2802 760 2865 vitae
775 2809 810 2864 et
825 2800 942 2864 salutis

558 2899 741 2981 propinans
758 2897 939 2960 Ecclesiae.

517 3124 555 3187 ln
572 3125 753 3188 draconem
771 3123 1028 3188 transformatus

512 3240 652 3285 vomens
668 3222 813 3285 daemon
830 3222 918 3303 ignis
933 3221 1040 3292 flatus,

555 3327 723 3381 exterrere
740 3317 845 3381 voluit
861 3339 868 3394 ;

513 3414 619 3495 Signo
634 3414 741 3478 crucis
757 3415 814 3476 sed
832 3423 1002 3495 protectus

511 3521 647 3576 sanctus
663 3511 774 3592 signat
791 3531 888 3573 suum
906 3519 1032 3592 pectus,

554 3618 588 3671 et
604 3608 706 3671 draco
721 3607 894 3688 disparuit.

775 3733 790 3799 5

510 3833 625 3896 Fictae
642 3833 735 3894 navis
753 3841 848 3894 notat
865 3829 1025 3906 fraudem,

508 3931 652 3993 daemon
670 3929 699 3990 ei
716 3929 796 3990 durn
815 3928 873 3989 dat
891 3925 1023 3990 laudem

552 4027 584 4090 in
601 4027 749 4090 humana
766 4025 897 4106 specie,

509 4123 665 4187 Infinitos
681 4131 732 4185 tot
749 4119 924 4184 conflictus

507 4221 631 4287 Christi
649 4219 744 4282 miles
761 4219 823 4282 fert
840 4218 992 4293 invictus,

550 4327 685 4401 superat
702 4317 842 4398 egregie.

766 4429 788 4492 6

506 4537 588 4600 Eius
605 4545 686 4599 nota
702 4534 891 4610 sanctitate,

504 4635 536 4697 in
555 4632 702 4714 Regensi
719 4631 854 4694 civitate

546 4728 700 4812 pontifex
717 4727 871 4808 eligitur;

502 4827 715 4890 Reiormidat
732 4834 846 4908 pastor
863 4824 970 4888 bonus

500 4933 616 4989 tantae
631 4923 805 5006 dignitatis
821 4941 916 5000 onus,

543 5021 601 5086 sed
620 5021 742 5084 invitus
758 5019 908 5085 trahitur.

1415 897 1434 962 7

1156 995 1294 1060 Morbos
1310 1005 1407 1060 sanat
1425 1005 1458 1060 et
1475 995 1652 1078 languores

1153 1101 1186 1156 et
1203 1091 1361 1156 informat
1377 1092 1484 1156 bonos
1501 1115 1609 1158 mores

1195 1209 1374 1253 coruscans
1390 1191 1557 1254 miraculis
1573 1213 1580 1270 ;

1156 1287 1256 1349 Prece
1272 1295 1366 1350 curat
1381 1287 1558 1364 sauciatos,

1151 1385 1291 1447 suscitat
1306 1394 1374 1447 tres
1391 1385 1488 1448 morti
1505 1386 1614 1464 datos,

1195 1481 1304 1544 visum
1322 1480 1432 1544 reddit
1447 1481 1561 1547 oculis.

1413 1595 1432 1656 8

1151 1705 1179 1768 F
1181 1703 1250 1768 latu
1267 1725 1328 1768 suo
1344 1705 1436 1768 canis
1453 1706 1549 1788 perit,

1150 1811 1246 1865 sanat
1262 1822 1362 1884 quem
1380 1802 1440 1865 bos
1457 1823 1558 1866 cornu
1575 1801 1649 1867 serit

1191 1909 1283 1963 tactu
1301 1919 1420 1962 manus
1435 1900 1589 1982 propriae
1604 1923 1612 1979 ;

1150 1995 1288 2077 Propter
1305 1995 1428 2058 samam
1447 2005 1497 2060 tot
1510 1996 1680 2079 signorum

1149 2089 1186 2156 fit
1201 2111 1381 2156 concursus
1398 2092 1604 2156 infirmorum

1192 2189 1295 2252 totius
1312 2189 1509 2272 provinciae.

1146 2411 1231 2478 Cum
1248 2413 1296 2475 sic
1312 2413 1381 2476 eius
1399 2413 1489 2478 sama
1506 2427 1642 2493 crescat,

1147 2531 1233 2572 vana
1250 2509 1348 2573 laude
1365 2530 1406 2573 ne
1423 2520 1588 2576 tumescat

1191 2606 1325 2669 exsulat
1341 2625 1361 2669 a
1377 2608 1484 2689 patria
1500 2629 1507 2686 ;

1147 2702 1287 2766 Terram
1304 2703 1388 2785 petit
1407 2703 1624 2782 Morinorum,

1144 2799 1189 2863 ibi
1208 2800 1338 2882 migrat,
1356 2800 1551 2882 angelorum

1190 2897 1309 2959 transit
1325 2898 1366 2960 ad
1385 2898 1560 2962 consortia.

1396 3027 1434 3074 10

1149 3123 1186 3185 ln
1205 3121 1340 3186 excelso
1357 3123 1428 3187 laus
1444 3125 1586 3203 auditur,

1144 3239 1199 3282 aer
1215 3221 1324 3282 vernis
1341 3221 1518 3301 insignitur

1189 3335 1357 3398 respersus
1373 3317 1532 3381 odoribus
1548 3341 1556 3394 ;

1146 3412 1233 3475 Mox
1248 3433 1268 3476 a
1284 3411 1373 3476 clero
1389 3416 1596 3492 convenitur,

1143 3519 1278 3572 sanctus
1295 3509 1425 3591 praesul
1444 3512 1602 3592 sepelitur

1185 3625 1260 3668 cum
1277 3607 1388 3687 dignis
1405 3605 1594 3671 honoribus.

1395 3735 1429 3780 11

1141 3829 1288 3911 Quidam
1306 3839 1401 3911 pater
1417 3829 1499 3894 flens
1515 3843 1670 3914 precatur

1139 3927 1246 3990 sancti
1263 3946 1384 4008 corpus
1401 3936 1437 3990 ut
1454 3937 1613 4010 tangatur
1763 3931 1767 3936 '

1184 4043 1204 4085 a
1220 4020 1378 4087 defuncta
1394 4021 1480 4087 filia:

1139 4119 1274 4202 Tangit,
1291 4121 1404 4184 statim
1422 4121 1608 4198 suscitatur,

1139 4217 1244 4300 patris
1260 4217 1414 4299 planctus
1430 4218 1628 4282 terminatur

1181 4315 1359 4396 absorptus
1376 4313 1510 4379 laetitia.

1392 4445 1428 4491 12

1139 4533 1169 4597 Ο
1188 4543 1238 4596 tot
1254 4532 1385 4615 praesul
1403 4533 1595 4598 meritorum

1136 4628 1225 4694 hunc
1241 4630 1442 4711 psallentem
1459 4631 1519 4694 tibi
1540 4631 1678 4699 chorum

1178 4726 1311 4791 Clrristo
1328 4727 1504 4791 reconcilia
1518 4749 1526 4807 ;

1134 4823 1247 4887 Mores
1265 4833 1396 4889 nostros
1412 4825 1459 4888 sic
1476 4845 1641 4908 compone

1135 4929 1171 4986 ut
1190 4921 1222 4984 in
1239 4931 1315 4986 actu
1332 4921 1384 4987 vel
1402 4942 1555 4987 sermone

1175 5041 1241 5084 non
1259 5019 1441 5106 subrepant
1458 5021 1548 5088 vitia.
