4102 5790
609 483 751 534 suosne
779 482 983 532 accuusmn
1011 479 1304 530 nunronuausm
1513 463 1580 548 167

344 676 374 716 12
396 671 493 716 vectus
506 669 550 714 est
563 660 602 714 ad
616 659 671 716 CB.

344 755 375 808 14
393 741 487 794 abstat
502 741 558 795 OC.

343 820 426 890 17,18
446 819 641 874 Parallelisme
666 819 809 890 imparfait
832 818 904 872 dans
929 819 957 872 la
984 816 1114 872 derniere
1139 819 1230 888 partie
1255 818 1292 872 de
1314 817 1425 887 chaque
1446 817 1582 873 clausule.

325 900 427 956 Christi
441 899 599 969 potentiam
612 899 675 954 LD.
691 900 748 954 CB.
793 899 913 969 gloriam
928 897 984 952 CB.
1023 899 1068 951 En
1079 898 1190 953 virtutis
1201 899 1258 953 CB.
1290 898 1335 950 En
1348 897 1432 951 beate
1446 897 1509 952 LD.
1525 897 1575 950 CB

346 995 376 1048 ¹9
393 979 514 1050 loquelis
526 979 583 1034 CB.

343 1073 377 1112 20
395 1057 434 1112 illi
448 1059 557 1113 confert
570 1059 634 1112 LD.

631 1291 710 1363 115.
744 1269 819 1342 oa
850 1268 889 1343 S.
914 1267 1274 1342 xnrnumun.

352 1532 376 1578 1.
400 1513 534 1578 Dilecto
552 1514 638 1596 Regi
655 1513 816 1578 virtutum
833 1532 951 1575 omnes
967 1512 1039 1594 pari
1055 1513 1237 1576 concordia

350 1628 377 1675 2.
401 1611 535 1675 Laudes
551 1612 679 1688 demus,
695 1618 894 1672 venerantes
910 1608 1009 1671 huius
1025 1609 1092 1671 diei
1108 1609 1234 1690 gaudia
1248 1631 1254 1686 ;

350 1759 374 1822 3.
400 1743 439 1805 In
457 1762 532 1824 qua,
548 1750 744 1824 contempta
761 1739 931 1803 Maxentii
949 1739 1101 1805 Caesaris
1117 1739 1316 1804 crudelitate
1333 1750 1365 1804 et
1384 1741 1522 1819 malitia,

346 1856 374 1918 4
397 1839 505 1922 Virgo
521 1839 667 1921 gloriosa
683 1847 716 1901 et
734 1847 861 1918 martyr
876 1837 1026 1918 insignis
1046 1837 1088 1900 ad
1105 1836 1188 1900 caeli
1205 1838 1358 1920 pervenit
1374 1837 1516 1920 fastigia.

353 1982 378 2049 5.
402 1969 496 2034 Urbe
513 1967 724 2032 Alexandria
740 1975 860 2029 exorta
877 1964 1074 2041 Katherina,

352 2065 379 2129 6.
405 2065 504 2129 Clara
520 2085 564 2127 ex
580 2064 745 2146 prosapia,
762 2061 857 2127 Costi
874 2063 961 2144 regis
978 2060 1055 2138 filia,

352 2211 380 2278 7.
402 2197 575 2260 Virtutum
593 2193 806 2277 praefulgens
822 2193 931 2275 gratia
947 2192 1201 2274 litterarumque
1217 2193 1378 2273 scientia;

352 2295 379 2357 8.
404 2292 519 2358 Sancti
537 2291 682 2374 Spiritus
699 2289 851 2372 potentia
868 2289 938 2352 eius
954 2287 1168 2370 perlustravit
1184 2297 1342 2372 pectora;

351 2440 381 2502 9.
405 2419 684 2503 Philosophorum
702 2439 806 2483 vacua
824 2418 951 2482 honore
966 2419 1144 2500 gymnasia

335 2536 380 2582 10.
403 2517 624 2601 Argumentis
640 2515 840 2598 approbavit
857 2523 890 2578 et
906 2514 998 2578 verbi
1015 2517 1215 2581 constantia.

334 2667 379 2712 11.
405 2650 495 2713 Hinc
512 2657 652 2724 tenetur,
668 2646 746 2709 hinc
762 2656 892 2710 arcetur
907 2645 1064 2710 carcerali
1080 2647 1242 2724 custodia,

334 2763 379 2809 12.
403 2745 535 2810 Genera
550 2745 687 2827 quidem
705 2763 889 2825 poenarum
906 2742 1075 2826 perferens
1092 2743 1254 2806 immania
1270 2768 1278 2826 ;

334 2891 377 2956 13.
401 2875 458 2938 Ad
477 2895 577 2956 quam
598 2875 714 2954 regina
730 2873 932 2936 visitandam
950 2875 1113 2956 processit
1130 2875 1239 2954 prima
1256 2874 1364 2938 noctis
1380 2874 1495 2956 vigilia
1510 2897 1518 2954 ;

334 2989 377 3050 14
402 2971 487 3036 Cum
506 2970 692 3052 Porphyrio
709 2969 860 3046 credidit,
876 2970 992 3033 videns
1010 2970 1054 3032 ibi
1072 2970 1269 3052 angelorum
1287 2971 1458 3054 obsequia,

336 3109 380 3175 15.
405 3094 565 3159 Claritate
582 3093 756 3176 fulgentia,

336 3193 381 3254 16.
403 3191 556 3255 Veritate
573 3191 735 3273 potentia,

337 3337 381 3400 17.
406 3319 558 3404 Quorum
576 3318 742 3404 suffragiis
760 3329 850 3384 rotas
867 3321 1003 3384 vincens
1019 3341 1134 3385 aereas

337 3419 382 3482 18.
407 3417 522 3483 Serras
538 3426 571 3480 et
587 3418 736 3499 taringas
752 3436 960 3498 exsuperans
976 3417 1108 3494 ferreas,

341 3563 385 3625 19.
410 3545 545 3610 Christo
562 3546 785 3609 Katherinam
802 3557 945 3611 vocante
961 3549 1003 3611 ad
1020 3567 1123 3629 regna
1139 3549 1353 3630 sempiterna,

339 3657 387 3706 20.
412 3641 584 3725 Sanguine
601 3642 750 3705 laureata
766 3643 919 3708 ascendit
934 3645 990 3707 die
1005 3643 1168 3707 hodierna
1184 3667 1192 3723 ;

340 3791 387 3838 21.
411 3773 515 3838 Cuius
531 3793 651 3856 corpus
668 3775 821 3856 sepelivit
838 3795 957 3838 manus
974 3775 1124 3858 angelica
1142 3776 1173 3838 in
1194 3785 1308 3840 monte
1326 3777 1428 3858 Syna.

340 3887 386 3934 22.
412 3869 539 3952 Liquor
551 3869 616 3933 olei
633 3869 720 3933 illius
737 3870 857 3934 efficax
875 3871 911 3934 fit
928 3871 1067 3934 infirmis
1085 3872 1259 3935 medicina.

340 4015 388 4080 23.
412 4000 540 4065 Omnes
557 4020 637 4083 ergo
653 4001 861 4065 celebrantes
878 4003 976 4066 huius
994 4003 1149 4066 natalitia

341 4111 388 4176 24.
413 4097 475 4159 Per
490 4096 623 4160 saecula
641 4098 707 4160 sint
724 4099 933 4180 possidentes
950 4119 1095 4181 superna
1112 4099 1270 4180 praemia.

375 4276 583 4326 Manuscrits.
605 4273 803 4328 Anssavruua:
824 4274 896 4328 Bibl.
908 4275 944 4329 de
966 4275 994 4328 la
1007 4275 1089 4344 ville,
1103 4287 1128 4343 7,
1145 4274 1244 4329 Missel
1257 4275 1293 4330 de
1308 4276 1421 4346 Noyon,
1435 4275 1493 4330 xiv‘
1504 4275 1598 4344 siecle,

340 4349 406 4405 AN.
439 4351 592 4406 OXFORD:
616 4353 780 4422 University
795 4355 875 4422 Coll.‚
892 4355 992 4409 Missel
1014 4355 1050 4408 de
1074 4355 1223 4422 Heresord,
1246 4369 1397 4424 vers1390,
1419 4355 1474 4410 OC.
1514 4357 1598 4411 (ΒΑΜ-

342 4441 477 4484 Balnea:
498 4431 570 4484 Bibl.
585 4432 620 4486 de
634 4432 825 4503 l'Universite,
847 4433 984 4504 Tropaire
1005 4434 1041 4488 de
1057 4434 1174 4503 Dublin‚
1197 4451 1260 4488 vers
1278 4450 1287 4487 1
1295 4435 1353 4504 360,
1367 4435 1390 4488 C
1392 4435 1417 4488 Α
1423 4453 1439 4498 ,·
1473 4435 1600 4505 quuen-

341 4507 418 4564 tiaire
431 4510 467 4564 de
482 4510 583 4579 Cerne,
596 4529 659 4565 vers
677 4526 752 4582 1400,
769 4513 825 4568 CB.

377 4629 457 4684 Cette
472 4631 559 4684 Prose
572 4647 589 4685 a
603 4631 648 4685 ete
661 4631 754 4686 editee
768 4649 819 4702 par
835 4634 1045 4689 HENDERSON.

379 4761 393 4800 2
412 4748 592 4802 celebrantes
607 4749 666 4804 CA.

380 4839 392 4894 5
413 4826 605 4882 Alexandrina
621 4828 677 4883 CB.
695 4829 860 4886 Novr'omen.
892 4841 990 4886 exorta
1000 4830 1152 4886 karissima
1167 4831 1191 4884 C
1192 4830 1227 4884 Α.

380 4917 394 4970 7
413 4906 570 4961 litterarum
588 4908 707 4963 scientia
723 4909 783 4964 CA,
799 4912 856 4965 CB.

380 4986 395 5038 8
415 4985 537 5056 Spiritus
559 4987 656 5042 Sancti
681 4989 850 5045 Novr'omen.
884 4992 990 5046 Sancte
1010 4992 1078 5044 ΑΝ.
1111 4991 1299 5061 perlustrante
1321 4989 1381 5044 eius
1406 4997 1522 5059 pectora
1543 4987 1604 5044 CA.
