4102 5792
590 532 731 583 erosas
758 533 963 590 accessura
993 541 1264 600 uauuarnusrs
1490 554 1562 624 497

611 728 632 788 9

303 859 403 921 Petro
419 859 543 924 Christi
560 868 639 920 sunt
653 879 725 920 oves
739 859 888 935 creditae,

299 955 403 1016 claves
420 955 512 1034 regni
529 953 681 1016 caelestis
698 955 841 1017 traditae

428 1051 534 1132 digno
551 1049 727 1132 privilegio
741 1071 748 1126 ;

301 1147 412 1209 Firma
429 1157 521 1210 tenet
537 1147 635 1210 Petri
653 1147 822 1224 sententia,

300 1245 367 1306 iure
382 1243 493 1326 legans
508 1253 539 1305 et
560 1245 686 1306 solvens
702 1243 821 1320 omnia,

429 1339 565 1402 caelesti
583 1340 733 1420 imperio.

598 1500 635 1545 10

348 1618 458 1680 Huius
475 1618 591 1682 cerebra
608 1630 706 1681 suerat
720 1629 847 1702 genteS,

342 1723 441 1778 sanat
457 1713 609 1791 memora,
622 1725 722 1777 sorzot
743 1726 870 1792 mentes,

344 1809 467 1872 morbos
483 1810 590 1872 reddit
607 1810 792 1891 impotentes

386 1904 654 1987 medicipotentio
668 1930 682 1979 ,·

344 2001 383 2064 H
382 2001 410 2064 ic
424 2023 444 2063 o
456 2010 548 2082 petro
568 1999 696 2064 Christo
710 2001 816 2065 dictus

343 2117 515 2179 perquem
534 2097 652 2162 Simon
671 2117 788 2179 magus
805 2099 918 2174 victus,

342 2195 420 2256 dum
439 2192 550 2256 volare
567 2192 647 2269 vult,
663 2192 806 2256 afflictus

384 2309 481 2371 prece
500 2289 587 2352 Petri
605 2290 745 2371 praevia.

596 2455 627 2498 ll

343 2571 430 2635 Nero
436 2572 560 2652 fremit
574 2573 753 2635 iracundus

342 2677 375 2730 et
391 2687 453 2750 pro
470 2687 570 2750 mago
576 2666 786 2747 furibundus

981 723 1070 802 quod
1088 726 1130 788 sit
1148 747 1266 809 magus
1282 731 1464 794 dissolutus

977 828 1009 881 et
1026 821 1156 884 ruinam
1173 837 1373 891 consecutus

1020 917 1054 970 et
1070 929 1184 973 casum
1203 913 1419 980 mortiferum.

976 1001 1067 1084 Ergo
1089 1005 1189 1069 Petro
1211 1030 1292 1072 crux
1307 1022 1455 1092 paratur

976 1108 1008 1161 et
1025 1101 1071 1162 sic
1089 1101 1205 1166 Petrus
1222 1107 1310 1170 cruci
1327 1109 1435 1184 datur,

977 1194 1171 1276 flagellatur,
1188 1203 1362 1280 cruciatur,

978 1291 1009 1352 in
1027 1313 1094 1373 quo
1114 1292 1263 1358 cerz'stus
1280 1298 1324 1362 Se
1341 1309 1484 1365 testatur

1018 1389 1211 1465 crucifixum
1231 1392 1358 1458 iterum.

1229 1525 1264 1568 12

977 1616 1007 1680 O
1026 1618 1131 1694 Petre,
1147 1630 1262 1702 pastor
1279 1625 1401 1706 ovium,

976 1713 1005 1776 O
1026 1715 1172 1778 Paradisi
1190 1717 1343 1802 claviger,

977 1830 1091 1891 sospes
1108 1813 1229 1894 hospes
1248 1815 1404 1897 fidelium,

973 1907 1063 1991 aperi
1082 1916 1195 1988 portas
1214 1911 1364 1995 impiger,

973 2000 1116 2065 caeleste
1132 2007 1284 2086 pandens
1301 2013 1422 2077 atrium

973 2106 1005 2158 et
1022 2097 1103 2160 nulli
1120 2099 1257 2165 claudas
1274 2107 1408 2172 ostium.

974 2192 1035 2254 Per
1052 2192 1158 2272 huius,
1176 2196 1316 2277 Christe,
1333 2206 1499 2285 meritum,

973 2308 1049 2351 cum
1066 2311 1163 2371 prece
1180 2293 1360 2374 salutifera,

972 2384 1090 2466 culpae
1107 2394 1140 2448 et
1157 2407 1285 2467 poenae
1303 2393 1453 2460 debitum

972 2479 1154 2559 dimittens
1173 2482 1247 2547 dele
1263 2487 1398 2567 scelera,

972 2585 1144 2655 praestans
1160 2597 1306 2660 perenne
1322 2588 1509 2665 praemium

971 2678 1005 2732 et
1021 2681 1212 2736 sanctorum
1230 2679 1445 2747 consortium.

336 2807 463 2862 L’auteur
473 2807 510 2862 (le
523 2817 596 2861 cette
611 2808 724 2862 Prosea
737 2825 771 2862 eu
788 2825 854 2863 sous
868 2809 909 2864 les
923 2827 994 2878 yeux
1007 2811 1034 2865 la
1048 2811 1127 2882 piece
1140 2814 1164 2868 si
1182 2833 1292 2872 connue
1304 2837 1340 2874 au
1357 2822 1537 2896 Moyen-Age
1552 2847 1557 2883 :

303 2885 407 2955 Gaude,
429 2887 527 2956 Roma,
547 2890 634 2956 eaput
652 2887 757 2942 mundi
773 2887 821 2957 (K.
828 2888 898 2957 381).
933 2891 957 2943 ll
974 2891 1012 2944 lui
1033 2909 1049 2946 a
1071 2893 1163 2948 meme
1186 2896 1235 2950 fait
1264 2915 1301 2952 un
1331 2903 1421 2968 grand
1442 2908 1562 2962 nombre

298 2963 472 3035 d’emprunts
485 2967 606 3021 textuels
618 2983 674 3038 que
687 2984 758 3023 nous
772 2967 917 3038 signalons
930 2986 982 3040 par
993 2971 1115 3040 l’emploi
1130 2974 1294 3046 d’italiques.

331 3099 346 3136 2
360 3088 381 3137 b
415 3085 499 3141 Petro
512 3097 626 3157 pastore
639 3087 880 3160 Nanneeennez,
894 3109 957 3146 vers
971 3092 1045 3146 faux.

329 3177 342 3232 5
357 3179 374 3216 o
405 3175 518 3220 constat
528 3166 671 3223 miraculis
685 3168 926 3237 Nanneten.1482.

313 3257 372 3298 rrc
406 3245 483 3314 quod
497 3245 520 3300 si
534 3247 694 3302 Nanneten.

405 3473 487 3548 357.
521 3455 578 3528 IN
613 3455 1061 3534 DECOLLATIONE
1093 3462 1131 3536 S.
1158 3465 1443 3546 IOHANNIS

759 3585 1083 3662 BAPTlSTAE.

601 3746 613 3792 1

337 3828 530 3894 Celebretur
546 3831 617 3895 dies
634 3833 707 3910 ista,

336 3945 401 4007 qua
418 3947 613 4007 praecursor
629 3938 662 3990 et
679 3929 827 4011 baptista

379 4021 564 4103 triumphat
581 4025 741 4106 martyrio
757 4047 765 4104 ;

337 4115 444 4178 Nobis
460 4117 514 4180 via
530 4115 567 4182 fit
583 4117 724 4195 virtutis,

336 4212 388 4274 via
404 4213 501 4289 vitae,
517 4233 594 4296 spes
610 4215 727 4279 salutis

378 4308 448 4370 eius
464 4308 653 4374 decollatio.

596 4433 614 4478 2

336 4515 436 4581 Hunc
452 4519 574 4583 emissa
590 4540 659 4583 vox
676 4521 718 4584 de
734 4521 833 4584 caelis

333 4610 422 4677 huuc
439 4614 569 4698 insigne
586 4615 751 4680 Gabrielis

375 4709 496 4774 cecinit
512 4712 738 4793 praeconium,

336 4801 379 4868 Et
395 4805 452 4887 qui
470 4807 590 4869 missus
606 4816 658 4870 est
675 4808 803 4871 Mariae

335 4902 498 4965 sacerdoti
516 4901 698 4965 Zachariae

379 4995 455 5058 tulit
471 4997 560 5060 idem
578 4998 743 5061 nuntium.

970 3839 1103 3902 Patrem
1120 3845 1223 3907 sensit
1240 3865 1306 3909 non
1324 3861 1477 3915 sensatus

969 3933 1162 3999 Creatorem
1182 3941 1331 4005 nondum
1350 3957 1458 4023 natus,

1013 4041 1046 4092 et
1063 4031 1214 4096 alludens
1230 4056 1334 4118 puero

968 4123 1035 4207 Qui
1053 4129 1175 4191 sentire
1192 4151 1228 4194 se
1244 4135 1403 4215 nequibat

967 4220 1081 4285 Solem
1098 4223 1247 4289 clausum
1265 4229 1330 4292 iam
1347 4236 1494 4302 sentibat
1579 4224 1583 4232 ¹

1011 4317 1161 4400 Virginis
1177 4321 1209 4383 in
1228 4333 1329 4389 utero.

1226 4448 1248 4508 4

967 4525 1077 4588 Natus
1093 4549 1176 4608 puer
1192 4532 1270 4595 iuris
1287 4556 1413 4616 norma,

965 4619 1077 4703 legum
1094 4634 1193 4704 sator,
1210 4629 1298 4694 vitae
1315 4631 1422 4698 forma

1009 4719 1095 4799 patri
1113 4741 1228 4785 vocem
1246 4727 1412 4794 reddidit:

922 4810 1000 4874 Non
1017 4815 1181 4894 promissa
1200 4819 1263 4882 Dei
1280 4827 1476 4908 crediderat,

921 4907 1011 4970 unde
1027 4911 1118 4972 vocis
1134 4931 1230 4977 usum
1248 4921 1438 4998 perdiderat

1009 5004 1088 5084 quia
1104 5008 1199 5069 tarde
1215 5014 1365 5080 credidit.
