4094 5796
648 531 792 584 PROSAE
818 531 1021 586 ECCLESIAE
1047 530 1273 584 LEODIENSIS
1545 532 1589 603 91

639 723 655 792 5
1268 709 1291 774 6

375 854 584 938 Angelorum
601 852 699 919 dulce
716 853 821 919 melos
1008 852 1138 918 Chorus
1154 852 1217 915 iste
1232 851 1322 916 dicat
1339 849 1462 928 Amen,

376 952 518 1030 auditur,
533 951 613 1016 dum
631 951 733 1014 intrat
750 950 869 1030 caelos,
1005 959 1042 1014 ut
1058 949 1239 1013 iocundum
1256 955 1332 1029 post
1348 967 1492 1011 examen

461 1075 537 1120 cum
554 1054 689 1138 palmae
706 1056 854 1122 victoria.
1094 1054 1251 1117 decantet
1267 1050 1415 1116 Alleluia

375 1152 486 1216 Amen
504 1152 594 1216 dicat
610 1152 673 1215 iste
689 1150 819 1230 chorus,
1187 1149 1220 1212 in
1237 1147 1351 1232 gloria

375 1257 411 1314 ut
426 1268 551 1314 corona
567 1249 610 1312 sit
626 1249 767 1312 decorus

460 1345 493 1408 in
510 1342 646 1409 caelesti
663 1344 780 1426 patria.

367 1487 380 1545 5
394 1493 411 1531 c
443 1477 482 1530 Le
495 1484 570 1530 texte
583 1483 664 1546 porte
678 1494 684 1530 :
697 1491 761 1530 cum
769 1475 872 1546 palma
884 1475 1031 1529 victoriae.
1053 1474 1161 1528 Toutes
1174 1473 1216 1527 les
1229 1470 1451 1541 demi-strophas
1464 1471 1500 1525 de
1514 1478 1590 1526 cette

333 1555 417 1610 Prose
430 1555 509 1610 etant
522 1555 674 1610 terminces
688 1572 723 1610 en
736 1555 773 1624 ia,
792 1555 820 1610 la
832 1553 990 1610 correction
1004 1573 1010 1609 :
1027 1570 1091 1608 cum
1099 1553 1216 1623 palmae
1227 1552 1350 1606 victoria
1363 1559 1406 1606 est
1419 1550 1591 1605 necessaire.

368 1647 380 1704 ς
394 1652 411 1690 e
442 1645 470 1690 et
482 1635 783 1704 Leodien.1502·1540.

365 1715 382 1769 6
393 1720 440 1770 cd
473 1717 520 1770 Ne
531 1715 624 1770 faut-il
636 1731 690 1785 pas
709 1715 760 1769 lire
776 1713 935 1770 :decantet
949 1712 977 1768 in
992 1712 1083 1783 gloria
1094 1730 1101 1768 z
1112 1710 1242 1768 Alleluia.
1263 1711 1304 1765 La
1318 1709 1401 1766 finale
1414 1709 1487 1766 ainsi
1500 1708 1592 1764 modi-

331 1793 381 1851 fiee
393 1795 479 1852 serait
492 1797 556 1868 plus
570 1793 719 1867 roguliere.

667 2003 725 2072 62.
758 1997 833 2071 DE
864 1995 904 2072 S.
927 1994 1254 2071 LAMBERTO.

638 2215 650 2262 1
1264 2189 1287 2278 4

374 2329 596 2395 Laetabunda
611 2329 684 2395 laus
700 2329 802 2394 beato
1004 2328 1187 2392 Detestans
1203 2326 1403 2392 adulterium

371 2425 468 2490 detur
484 2427 623 2510 martyri
639 2425 824 2491 Lamberto
1003 2424 1135 2508 praesul
1151 2424 1242 2488 subit
1258 2423 1465 2506 martyrium,

457 2542 533 2586 cum
551 2543 643 2586 mera
659 2521 871 2605 symphonia.
1090 2539 1190 2583 orans
1206 2521 1239 2583 in
1256 2519 1396 2584 ecclesia
1419 2539 1427 2598 ;

373 2617 425 2681 Illi
442 2639 568 2682 merces
584 2627 635 2682 est
651 2619 806 2700 perennis
1005 2617 1060 2684 Sic
1076 2617 1118 2680 ad
1136 2635 1228 2680 aram
1246 2615 1447 2694 immolatur,

371 2713 580 2797 Angelorum
598 2713 658 2778 lux
674 2713 835 2778 sollennis
1001 2713 1048 2778 sic
1064 2733 1179 2776 cruore
1195 2721 1409 2776 consecratur

458 2820 492 2875 et
508 2810 616 2875 dulcis
632 2811 793 2875 armonia.
1089 2817 1185 2892 grata
1200 2809 1263 2872 sibi
1280 2809 1395 2891 Logia,

631 2959 650 3004 ²
1263 2951 1279 3020 5

374 3069 474 3134 Hunc
490 3070 638 3135 moribus
656 3071 731 3135 Deo
746 3071 857 3154 dignis
1002 3069 1040 3132 In
1058 3090 1124 3152 qua
1140 3089 1298 3133 concessa
1314 3069 1452 3134 caelitus

370 3167 501 3231 divinus
517 3166 657 3250 replevit
674 3169 760 3250 ignis
999 3167 1210 3243 LambertuS,
1226 3175 1353 3249 martyr
1369 3165 1523 3250 inclytus,

455 3262 499 3328 ab
514 3263 741 3328 adolescentia
755 3286 762 3342 ;
1088 3263 1236 3326 ostendit
1253 3261 1412 3326 miracula
1425 3283 1432 3342 ;

372 3357 465 3422 Miris
480 3379 615 3443 quoque
631 3358 723 3423 sulsit
739 3360 853 3443 signis,
999 3359 1103 3426 Cuius
1118 3357 1244 3422 suffulti
1261 3359 1414 3440 precibus

370 3456 547 3520 sanctitate
562 3456 611 3519 vir
627 3455 766 3538 insignis
1000 3455 1178 3539 iungamur
1193 3455 1276 3520 caeli
1293 3455 1428 3532 civibus,

455 3561 488 3616 et
504 3551 665 3616 virtutum
682 3552 798 3635 gratia.
1086 3549 1199 3615 felices
1215 3572 1274 3635 per
1289 3551 1430 3616 saecula.

630 3687 647 3751 3
771 3747 774 3754 Ι
1259 3671 1281 3734 6

369 3794 599 3860 Taxandriam
617 3793 804 3874 illustravit,
999 3794 1113 3859 Amen
1130 3795 1220 3859 dicat
1236 3794 1356 3858 chorus
1372 3793 1443 3870 iste,

369 3891 532 3956 idolorum
549 3911 650 3974 quam
669 3892 843 3956 mundavit
996 3912 1129 3973 semper
1145 3889 1266 3974 psallat
1282 3890 1370 3968 Tibi,
1386 3889 1528 3968 Christe,

453 3989 496 4052 ab
512 3989 604 4051 omni
620 3987 788 4070 spurcitia,
1087 3987 1249 4050 iocundus
1265 3986 1298 4050 in
1315 3987 1431 4068 patria.

370 4082 413 4147 Et
431 4083 646 4148 Landradam
663 4083 850 4162 tumulavit,
998 4083 1111 4148 Amen
1128 4083 1218 4146 dicat
1233 4081 1328 4165 plebs
1344 4083 1475 4160 devota,

368 4198 467 4261 quam
484 4178 681 4244 translatam
699 4179 858 4243 revelavit
998 4187 1032 4244 et
1048 4179 1217 4243 collaudet
1233 4186 1345 4242 mente
1361 4186 1434 4242 tota

453 4275 579 4339 Divina
597 4276 760 4341 Potentia.
1084 4275 1170 4340 tanti
1186 4274 1290 4357 patris
1307 4274 1433 4338 merita.

359 4428 567 4480 Manusorlts.
580 4425 794 4479 STONYHURST
803 4441 809 4478 :
819 4422 935 4495 College
943 4423 994 4478 des
1002 4422 1134 4493 stuites,
1141 4434 1180 4492 ιν,
1188 4420 1288 4477 Missel
1298 4421 1334 4475 de
1344 4419 1546 4490 Liege,1472,S
1549 4421 1580 4476 T.

327 4501 511 4582 BuuxrtLLEs
522 4523 533 4558 .·
546 4503 619 4559 Bibl.
633 4505 715 4573 Roy,
727 4503 806 4572 3782,
821 4502 931 4573 Missel,
943 4502 1061 4558 xvaxvie
1071 4501 1165 4572 siecle,
1178 4502 1240 4558 BB.

358 4618 438 4674 Cette
460 4619 549 4672 Prose
569 4632 600 4671 se
621 4627 719 4670 trouve
739 4615 889 4686 imprimee
910 4616 982 4671 dans
1005 4617 1202 4670 Mlucusnclt.
1230 4615 1343 4685 Hymni
1360 4614 1570 4684 etSequentiae

327 4713 351 4766 p.
362 4711 401 4768 25,
415 4707 444 4753 et
457 4697 529 4752 dans
543 4698 644 4766 ROTH,
657 4695 836 4751 Lateimiche
848 4697 981 4767 Hymm
994 4695 1041 4750 des
1054 4695 1249 4765 Mittelalters,
1262 4713 1290 4765 p.
1307 4709 1364 4762 132.

362 4821 372 4861 1
387 4825 404 4863 o
434 4824 502 4864 vera
514 4807 576 4862 BB.
587 4807 717 4862 Leodien.
730 4825 753 4862 c.
763 4807 828 4878 1485
840 4816 868 4862 et
885 4819 960 4877 1502.

360 4903 407 4955 3a
436 4887 648 4942 Taxandrinam
658 4887 902 4956 Leodien.c.1485.
933 4886 1122 4941 Tarandriam
1143 4885 1245 4940 ROTH.

361 4972 409 5035 sd
439 4967 713 5034 sumlturttlrorn.
742 4983 759 5022 e
792 4967 947 5036 iunguntur
958 4966 1087 5024 leodien.
1104 4967 1209 5041 c.1485.

360 5043 404 5106 6ο
434 5047 577 5108 collaudat
590 5050 623 5120 (t)
635 5047 737 5106 Rom.
