4102 5792
494 490 567 578 496
790 507 932 556 PROSAE
961 506 1166 558 ECCLESIAE
1194 507 1465 561 NANNETENSIS

529 702 578 742 ua
610 685 719 756 Quibus
733 703 803 758 puer
812 688 968 744 Biturt‘ccn.
1011 688 1122 757 Quibus
1135 697 1212 744 tenet
1225 687 1259 758 (t)
1272 691 1310 746 Χ.
1352 691 1677 764 urbisnicansttttlr.
1716 697 1759 752 ln·

492 773 571 828 dicre
583 773 621 827 X.
641 773 718 828 LIT.
744 773 899 826 Iliturr'cen.
924 772 1161 842 Naumtcnnszo.
1185 771 1440 830 Fonusetrattenn
1447 787 1505 844 534
1536 775 1658 831 ludricra
1672 776 1705 846 (!)
1726 779 1758 834 Υ.

492 853 600 908 ludrica
615 851 649 921 (!)
663 852 903 917 Nannetcn;1482.

528 949 577 1001 ta
608 931 773 988 arundineis
786 933 848 986 ΡΟ.

529 1028 541 1084 5
557 1019 578 1068 b
591 1023 682 1068 tectus
696 1029 819 1083 manque
832 1011 905 1067 dans
919 1012 964 1066 LI
967 1013 997 1068 T.
1029 1029 1099 1068 zoua
1112 1013 1226 1069 strictus
1245 1015 1279 1069 Z.
1293 1013 1354 1069 ΡΟ.
1366 1013 1412 1068 LI
1413 1013 1444 1068 Τ.
1458 1013 1627 1071 Ambt'anen.
1641 1015 1759 1072 Nanne-

490 1101 543 1150 tcn.
559 1095 705 1148 Pt'ctauert.
719 1093 978 1148 Fontiscbraldcn.1
986 1107 998 1162 5
1003 1107 1044 1161 34.
1058 1093 1159 1148 lancea
1172 1093 1206 1162 (!)
1220 1093 1388 1148 Ambianett.

527 1188 541 1240 7
555 1191 575 1228 a
606 1174 847 1244 prophetaverunt
862 1171 908 1241 (ve
921 1173 1021 1240 efface)
1039 1173 1069 1228 Υ.
1100 1174 1305 1244 prophetarunt
1318 1173 1475 1228 Br'turt'ccn.
1490 1173 1650 1232 Nannetcn.
1663 1176 1760 1232 Picta-

491 1271 554 1312 uen.
586 1254 788 1324 prophetarent
809 1253 846 1307 X.
868 1251 929 1307 ΡΟ.
951 1251 1272 1322 Fonttsctratctenn534.
1306 1259 1326 1308 b
1357 1263 1476 1308 testatur
1496 1253 1574 1308 LIT.
1597 1255 1757 1312 Bitun'cen.

491 1333 815 1402 Fontiscbralden.1534.
848 1331 1086 1401 praemonstravit
1099 1332 1256 1388 Bituricen.

528 1416 543 1470 8
558 1421 579 1468 b
611 1413 663 1468 soli
677 1415 753 1468 fovet
768 1413 927 1466 nanneten.

526 1511 543 1564 9
557 1499 579 1548 b
611 1495 649 1549 Se
662 1493 749 1548 decus
760 1491 795 1561 (l)
808 1493 854 1545 LI
856 1492 885 1546 T.
917 1491 962 1546 cui
976 1492 1080 1546 sedens
1093 1492 1250 1546 Bituricen.

511 1592 543 1630 10
555 1581 585 1638 b,
605 1588 646 1628 tt.
678 1575 722 1628 Au
737 1571 792 1626 lieu
806 1571 841 1625 de
855 1589 903 1626 ces
917 1570 985 1626 trois
999 1570 1126 1626 derniers
1140 1588 1213 1640 vers,
1226 1588 1262 1624 on
1278 1571 1308 1626 lit
1321 1571 1393 1625 dans
1407 1571 1557 1626 Nannetcrt
1568 1592 1578 1626 .·

759 1655 799 1710 Ut
820 1655 847 1710 in
868 1655 923 1710 fine
943 1645 995 1709 nos
1014 1655 1144 1710 absolvat
1163 1655 1240 1709 omni
1260 1671 1332 1710 nexu
1352 1654 1478 1710 criminis

757 1737 794 1790 Et
814 1735 952 1806 perducat
972 1737 1008 1789 ad
1028 1736 1157 1806 polorum
1177 1736 1350 1804 sempiterna
1369 1735 1483 1806 gaudia,

756 1822 813 1878 Ubi
830 1821 973 1876 Christum
993 1822 1188 1876 collaudemus
1202 1831 1338 1891 perpetua
1358 1821 1474 1876 laetitia.

527 1919 664 1975 L’edition
681 1919 717 1972 de
733 1919 798 1983 1482
812 1917 905 1988 ajoute
919 1935 925 1972 ε
939 1918 1032 1972 Amen
1046 1916 1143 1971 dicant
1157 1915 1263 1984 omnia,
1277 1915 1323 1986 qui
1333 1932 1461 1986 marique
1472 1915 1545 1969 dans
1556 1915 1627 1970 celle
1638 1914 1674 1969 de
1690 1929 1762 1984 1520

506 2019 534 2058 ιι
551 2020 571 2058 a
602 2010 701 2073 portae
716 1999 871 2053 Biturtcen.
886 1997 1215 2066 Fontiscbralden.1534.
1254 2005 1338 2066 portu
1358 1997 1505 2051 Pictaven.
1538 1999 1560 2048 b
1589 1995 1630 2050 Ut
1644 1997 1762 2065 superni

486 2084 654 2138 Ambiancn.
670 2078 826 2133 Bitun'cen.

705 2256 788 2345 35⁶.
822 2250 896 2322 DE
927 2248 996 2323 ss
1022 2246 1208 2322 petuo
1239 2248 1311 2322 ET
1344 2250 1540 2324 anto.

799 2445 811 2488 1

534 2521 611 2584 Rex
628 2525 792 2588 aeternus,
810 2514 934 2578 Rector
950 2513 1075 2590 mundi,

530 2613 666 2699 primus
674 2621 794 2692 pastor
811 2611 846 2672 in
867 2611 1000 2673 secundi
1039 2697 1041 2702 ι

577 2708 732 2773 laudetur
745 2706 881 2769 vt'ctoria
896 2729 908 2770 .·

536 2808 652 2872 Petrus
668 2813 782 2887 pastor
797 2803 851 2866 hic
867 2804 1042 2880 secundus,

534 2903 650 2969 mundi
668 2903 773 2966 victor
790 2901 916 2966 mundo
933 2903 1078 2966 mundus

575 3023 620 3064 ex
636 2999 771 3064 caelesti
788 2999 906 3081 gratia.

795 3103 813 3148 2

534 3177 626 3242 Urbs
643 3174 819 3252 Nannetis,
835 3175 913 3236 urbs
930 3174 1039 3252 beata,

535 3275 633 3337 Petro
649 3280 744 3353 patre
759 3273 953 3351 praedicata

577 3368 711 3451 speciali
730 3387 875 3445 munere,

534 3466 627 3532 Servi
645 3465 734 3528 Petri
750 3464 920 3546 speciales,

533 3581 645 3627 servos
663 3562 762 3625 Petro
782 3562 948 3643 spiritales

579 3679 640 3724 nos
656 3678 809 3722 curemus
826 3659 977 3724 subdere.

799 3763 816 3827 3

538 3837 628 3899 Nota
646 3834 781 3896 Petrum
798 3844 868 3897 tam
885 3834 1068 3917 benignum

536 3931 626 4015 quod
643 3930 685 3993 ad
702 3929 792 3992 vocis
810 3929 933 3996 Christi
948 3930 1081 4013 signum

574 4026 683 4111 primo
698 4025 757 4088 sub
772 4025 951 4104 admonitu,

539 4124 677 4207 Linquit
693 4132 766 4199 rete,
785 4122 905 4204 linquit
922 4133 1033 4199 ratem,

536 4221 659 4288 Christi
676 4239 819 4301 sequens
836 4219 1016 4298 veritatem,

580 4335 709 4380 sursum
728 4323 842 4396 raptus
857 4315 983 4396 spiritu.

538 4492 661 4572 Statim
680 4421 850 4554 Christiirn
868 4499 918 4554 est
933 4501 1067 4555 secutus

539 4597 572 4654 et
588 4587 782 4670 sequentem
802 4587 865 4650 Dei
883 4597 982 4650 nutus

580 4673 630 4747 ad
642 4682 777 4765 plenum
791 4683 1005 4764 prosequitur,

457 4853 458 4856 Ἴ
539 4779 699 4861 Paralysi
711 4779 902 4857 destitutus,

538 4877 675 4942 sanitati
691 4877 863 4942 restitutus

580 4973 690 5037 Encas
704 4969 852 5057 erigitur.

1427 2443 1442 2510 5

1165 2514 1258 2576 Auro
1272 2536 1386 2578 carens
1399 2527 1431 2579 rt
1445 2527 1578 2600 argento

1169 2611 1340 2676 charitatis
1356 2623 1555 2694 argumento

1171 2698 1173 2703 ’
1210 2717 1353 2772 coruscat
1368 2708 1545 2773 miraculis.

1170 2795 1334 2870 Claudum
1348 2805 1447 2870 solvit
1462 2806 1495 2868 in
1512 2818 1669 2872 momento

1167 2924 1187 2966 a
1204 2903 1361 2966 morboso
1378 2915 1581 2967 nocumento

1210 3010 1243 3062 et
1260 3019 1433 3062 nervorum
1449 2999 1596 3064 vinculis

1164 3174 1284 3236 Petrus
1300 3174 1405 3236 vitam
1425 3088 1486 3237 c6iat
1506 3175 1537 3237 T
1533 3175 1664 3240 habitae

1165 3271 1373 3353 iuvenemque
1390 3270 1498 3334 reddit
1519 3273 1608 3338 vitae

1210 3369 1281 3432 vice
1298 3367 1421 3433 Christi
1437 3368 1549 3448 libera,

1165 3465 1252 3528 Pede
1262 3464 1386 3547 premit
1401 3465 1522 3546 fluctus
1544 3469 1649 3532 maris

1166 3572 1197 3627 et
1217 3572 1387 3625 nutantem
1409 3562 1570 3628 salutaris

1213 3661 1296 3742 regit
1312 3660 1378 3722 Dci
1397 3659 1535 3724 dextera.

1427 3763 1446 3826 7

1167 3833 1320 3916 Angelus
1337 3835 1577 3903 incarceratum

1166 3931 1265 3994 solvit
1284 3931 1427 4010 Petrum,
1443 3931 1532 3994 vitae
1547 3934 1664 3998 datum

1210 4027 1409 4091 destinatum
1425 4027 1564 4110 gladio,-

1170 4123 1268 4204 Quod
1288 4125 1433 4206 negando
1457 4134 1506 4188 ter
1518 4128 1663 4208 peccavit

1168 4243 1264 4287 verus
1279 4243 1374 4286 amor
1391 4221 1538 4305 expiavit

1210 4329 1241 4382 ct
1260 4319 1352 4382 trina
1366 4319 1527 4399 confessio.

1428 4408 1447 4469 8

1167 4493 1324 4557 Ananiae
1341 4493 1594 4578 Sapphiraeque

1170 4588 1288 4653 salsam
1306 4587 1405 4653 fidem
1423 4591 1543 4673 pungit
1559 4611 1664 4675 aeque
1765 4629 1771 4634 -

1213 4687 1329 4750 mortis
1346 4706 1404 4768 per
1420 4687 1619 4770 supplicium
1634 4710 1641 4767 ;

1169 4783 1287 4848 Petrus
1302 4783 1422 4848 doctor
1436 4785 1585 4849 veritatis

1129 4925 1132 4932 r
1154 4879 1333 4944 ‚damnans
1349 4875 1499 4944 fraudem
1516 4881 1649 4963 pietatis

1210 4987 1243 5040 et
1254 4975 1384 5040 ‘fraudis
1401 4977 1622 5045 mendacium.
