4094 5796
476 511 522 586 74
757 513 899 566 suosne
927 515 1129 570 Eccuusmu
1155 515 1446 572 nunnonvsums

745 744 802 820 51.
835 723 911 799 DE
941 723 1165 800 SANCTO
1195 723 1467 800 GATIANO.

780 928 792 974 1
1178 947 1180 952 '
1407 933 1424 997 3

538 1051 725 1133 Frangatur
741 1071 836 1116 mens
852 1052 972 1115 vitiosa
1168 1052 1344 1134 Nusquam
1361 1051 1494 1116 territus
1510 1049 1654 1115 cessavit

537 1155 573 1210 ut
589 1147 632 1211 sit
648 1148 724 1211 Deo
739 1149 887 1232 gratiosa
1165 1168 1185 1212 a
1201 1149 1303 1212 verbo
1319 1149 1410 1232 quod
1427 1146 1656 1231 praedicavit;

536 1243 578 1306 ad
595 1245 781 1326 promenda
797 1243 944 1328 gloriosa
1164 1245 1343 1309 Turonicis
1359 1245 1526 1309 nuntiavit

623 1340 759 1404 Gatiani
776 1341 903 1418 merita,
1252 1341 1379 1424 primus
1396 1340 1478 1424 legis
1493 1340 1630 1404 credita.

535 1436 683 1499 Terrena
699 1437 755 1519 qui
772 1457 839 1500 non
857 1437 993 1520 cupivit,
1161 1437 1312 1502 Ventum
1330 1438 1446 1502 mundi
1463 1457 1524 1501 nec
1540 1434 1683 1519 gloriam

535 1531 593 1595 sed
611 1553 694 1596 mox
710 1541 747 1596 ut
763 1532 934 1598 Christum
951 1533 1089 1610 audivit,
1162 1535 1327 1615 quaesivit
1345 1554 1404 1616 per
1421 1531 1616 1597 memoriam

535 1627 694 1711 loquente
709 1649 785 1693 cum
803 1629 856 1693 Eo
872 1629 941 1706 ivit,
1164 1649 1200 1693 se
1215 1630 1258 1694 ad
1275 1630 1358 1694 caeli
1374 1630 1540 1694 theoriam

536 1745 670 1788 servans
688 1725 770 1788 Eius
787 1727 925 1790 monita.
1252 1737 1394 1804 vertens,
1410 1735 1523 1792 mente
1539 1724 1665 1789 addita.

776 1900 794 1947 2
1402 1899 1425 1960 4

535 2027 636 2094 Stetit
653 2029 853 2093 Dominicae
869 2049 993 2092 coenae
1162 2029 1290 2092 TrIstes
1307 2028 1442 2092 iuvabat
1459 2026 1612 2109 precibus

534 2145 609 2189 cum
626 2127 766 2190 caeteris
781 2126 958 2190 duodenae
1163 2134 1197 2188 et
1213 2134 1324 2189 mutos
1341 2123 1432 2206 loqui
1449 2123 1587 2187 vocibus

534 2222 660 2299 turbae,
678 2223 900 2286 ministrando
916 2240 1046 2304 poenae
1165 2241 1204 2284 ac
1219 2241 1360 2303 corpora
1375 2219 1597 2284 daemonibus

622 2317 732 2382 officia
747 2318 869 2382 debita.
1250 2317 1405 2380 liberavit
1420 2315 1565 2380 subdita.

536 2413 789 2477 Pharisaeorum
806 2433 949 2476 errorem
1165 2413 1257 2476 Fecit
1274 2413 1366 2476 Deus
1385 2411 1544 2475 miraculo

534 2511 718 2592 vitavitque
735 2530 819 2572 uvae
835 2508 950 2572 florem
1163 2511 1252 2591 quod
1271 2509 1437 2571 Martinus
1454 2528 1472 2570 e
1489 2506 1620 2570 tumulo

534 2605 839 2687 discipulorumque
855 2625 981 2668 morem
1162 2606 1216 2668 isti
1233 2605 1342 2668 oranti
1358 2603 1477 2668 sedulo

621 2720 764 2783 sequens
778 2711 868 2764 recta
880 2701 1009 2777 semita,
1249 2702 1351 2764 verba
1367 2701 1486 2764 reddat
1502 2699 1637 2782 placita.

1095 2833 1110 2901 5

843 2953 914 3017 Ista
930 2953 1072 3036 probata
1088 2962 1274 3032 narrantur,

841 3051 931 3133 quod
949 3050 1063 3134 [quae]
1079 3051 1110 3114 ei
1126 3052 1410 3114 commendantur

841 3147 958 3229 ignota
974 3157 1221 3229 recuperantur,

928 3243 955 3305 si
973 3243 1096 3307 fuerint
1112 3245 1254 3326 perdita.

841 3339 961 3404 Grates
978 3339 1153 3403 referendo
1169 3342 1199 3403 ei

840 3435 1050 3518 postulemus
1066 3457 1184 3499 omnes
1201 3437 1257 3513 rei,

840 3543 926 3596 utet
944 3553 1004 3595 nos
1022 3533 1055 3595 in
1073 3531 1150 3596 aula
1167 3533 1231 3596 Dei

928 3628 1070 3692 collocet
1085 3630 1241 3711 gratuita.

505 3762 557 3822 4b
587 3767 616 3811 et
629 3757 734 3810 multos
747 3757 932 3825 Andagaven.
958 3761 972 3809 f
1005 3755 1328 3827 MartinoAndegaven.
1354 3775 1375 3824 g
1402 3757 1456 3812 iste
1470 3757 1653 3825 Andagaven.
1667 3766 1728 3810 mot

470 3836 556 3890 amot
570 3836 743 3906 impossible.
775 3841 796 3889 h
829 3835 985 3906 perplacita
998 3835 1184 3906 Andagaven.
1198 3837 1293 3892 donne
1306 3854 1362 3892 une
1376 3838 1484 3906 syllabe
1497 3837 1533 3890 de
1552 3845 1623 3907 trop.

506 3929 518 3985 5
534 3920 555 3969 b
587 3916 664 3986 quod
678 3916 703 3970 ei
714 3917 896 3986 Andagaven.
908 3916 1003 3970 donne
1014 3933 1069 3969 une
1083 3916 1191 3985 syllabe
1205 3917 1241 3972 de
1255 3917 1356 3972 moins.
1384 3919 1465 3972 Nous
1478 3917 1610 3986 aioutons
1623 3913 1728 3987 [quaeJ.

737 4165 794 4237 5²·
828 4141 902 4216 DE
933 4143 1158 4219 SANCTA
1187 4143 1462 4219 BARBARA.

777 4375 790 4420 1
1405 4372 1423 4418 2

513 4528 604 4592 Fons
619 4529 792 4606 virtutum,
808 4528 839 4594 O
858 4528 1013 4606 Barbara,
1143 4528 1274 4593 Revera
1289 4529 1402 4593 lateris
1419 4549 1492 4592 esse

510 4625 626 4702 dulcis,
643 4625 743 4700 mitis,
759 4645 827 4688 non
844 4625 997 4702 barbara,
1139 4627 1182 4689 de
1198 4625 1328 4708 virgula
1344 4635 1460 4690 sancta
1478 4626 1577 4700 Iesse,

512 4721 701 4803 ancillaque
719 4721 783 4784 Dei
802 4721 920 4797 Patris,
1142 4723 1231 4786 unde
1249 4723 1403 4786 Christus
1419 4731 1453 4785 et
1471 4721 1595 4798 Maria;

513 4818 667 4900 Supplex
686 4817 796 4880 Deum
814 4839 874 4898 pro
891 4838 944 4879 me
957 4838 1025 4894 ora,
1145 4819 1221 4881 Hoc
1238 4818 1384 4882 referunt
1401 4817 1570 4899 hystoriae

512 4916 603 4978 omni
621 4915 686 4992 die,
701 4914 794 4976 omni
812 4913 904 4991 hora,
1144 4914 1346 4997 multiplices
1363 4925 1396 4978 et
1412 4915 1523 4977 variae

512 5031 555 5080 ne
571 5011 698 5092 cruciat
714 5011 796 5078 locis
812 5011 902 5079 atris,
1146 5011 1188 5080 de
1204 5023 1247 5090 te,
1263 5013 1357 5096 virgo
1374 5020 1446 5075 tota
1462 5012 1526 5100 pia.
