4096 5794
585 545 727 596 PROSAE
754 543 957 595 ECCLESIAE
984 541 1311 594 CONSTANTIENSIS
1510 539 1529 612 5
1535 538 1580 611 55

906 761 907 766 ’
932 739 952 786 2

628 854 700 918 Iam
717 861 887 917 transacto
903 851 989 915 felici
1006 851 1142 935 praelio,

627 950 724 1015 miles
740 957 864 1025 sancte,
879 948 1006 1030 gaudes
1023 949 1065 1012 de
1081 947 1256 1031 praemi03

626 1046 701 1110 Nos
717 1046 749 1110 in
766 1053 826 1108 tuo
842 1051 1016 1127 promptos
1032 1042 1196 1127 obsequio

625 1149 846 1227 prosequatur
861 1149 919 1204 tua
935 1139 1108 1222 protectio.

931 1275 949 1339 3

627 1396 700 1458 Nos
716 1393 749 1456 in
766 1391 865 1456 huius
880 1391 970 1456 vitae
985 1391 1160 1474 naufragio

626 1499 684 1555 tua
700 1497 796 1572 regat
812 1487 898 1571 iugis
913 1487 1020 1552 oratio
1035 1509 1043 1562 ;

629 1586 679 1652 Ut
695 1586 737 1650 ad
755 1594 889 1668 portum
907 1583 1060 1648 caelestis
1076 1582 1204 1666 patriae

629 1683 793 1767 dirigatur
808 1701 922 1746 cursus
939 1680 1119 1747 Ecclesiae.

936 1827 959 1887 4

635 1931 708 1996 Nos
724 1931 756 1995 in
773 1940 832 1994 tua
847 1938 1023 2012 promptos
1038 1929 1216 2011 praeconia

636 2027 722 2110 Regi
739 2045 855 2109 regum
873 2023 1008 2090 Christo
1023 2025 1164 2088 concilia
1181 2047 1189 2104 ;

637 2123 708 2187 Nos
724 2123 768 2187 ab
783 2122 881 2185 huius
898 2121 972 2186 lacu
989 2121 1140 2184 miseriae

635 2221 701 2285 duc
717 2220 759 2283 ad
776 2227 910 2302 portum
928 2216 1080 2282 caelestis
1096 2218 1233 2300 patriae.

638 2467 706 2534 Ubi
723 2476 844 2543 tecum,
860 2360 958 2530 miled
971 2465 1114 2548 egregie,

636 2563 845 2646 perfruamur
860 2560 973 2643 palma
990 2560 1168 2626 victoriae:
1342 2607 1345 2614 -

632 2659 732 2743 Quod
750 2658 808 2722 det
824 2657 922 2721 nobis
939 2656 1101 2734 Christus,
1118 2657 1195 2720 Rex
1214 2657 1348 2741 gloriae.

372 2875 385 2933 5
407 2863 453 2920 Ne
463 2859 645 2933 mamque-til
658 2877 710 2931 pas
724 2877 760 2914 un
773 2877 835 2915 vers
847 2859 865 2913 a
877 2869 951 2924 cette
964 2862 1088 2932 strophe,
1102 2879 1139 2916 ou
1153 2861 1263 2917 doit·on
1272 2863 1299 2916 la
1307 2861 1471 2917 consideret
1480 2877 1593 2916 comme

334 2959 370 2998 un
384 2951 471 2998 tercet
485 2941 574 2996 final?
605 2942 645 2995 Le
658 2949 733 2995 texte
746 2956 781 2994 en
794 2949 859 2994 tous
872 2955 921 2994 cas
929 2949 972 3022 pst
985 2939 1131 3011 identique
1141 2940 1213 2995 dans
1226 2941 1267 2996 les
1280 2941 1406 2997 diverses
1419 2940 1542 2996 editions
1554 2940 1593 2996 du

337 3021 436 3078 Missel
449 3020 487 3076 de
502 3021 673 3076 Coutances.

504 3297 587 3390 398.
620 3294 695 3368 DE
725 3293 795 3369 SS.
818 3292 1010 3372 COSMA
1040 3293 1114 3368 ET
1146 3294 1428 3370 DAMIANO.

644 3559 656 3605 ¹
1271 3562 1288 3627 3

381 3704 464 3768 Dies
480 3706 575 3770 adest
591 3707 792 3784 veneranda,
1009 3713 1077 3778 Ars
1094 3710 1232 3776 istorum
1250 3712 1426 3788 medicina,

381 3809 452 3872 dies
468 3810 555 3873 votis
571 3809 817 3892 amplectanda,
1011 3828 1152 3892 quorum
1169 3816 1241 3872 erat
1257 3807 1434 3890 disciplina

423 3905 495 3969 dies
511 3907 615 3988 digna
631 3907 786 3970 laudibus
800 3928 809 3986 ;
1054 3905 1197 3988 pretium
1216 3923 1378 3985 respuere.

382 4002 481 4065 Diem
502 4001 593 4064 Deus
610 4001 696 4065 hanc
712 4003 855 4068 sacravit
1011 4001 1124 4066 Gratis
1140 4000 1258 4064 datum
1275 3999 1379 4081 gratis
1394 3999 1534 4077 dabant,

380 4117 446 4180 qua
463 4107 655 4180 praesentes
671 4100 867 4182 aggregavit
1009 4107 1042 4162 et
1059 4097 1105 4160 sic
1123 4115 1241 4159 manus
1258 4095 1502 4159 conservabant

425 4203 588 4275 martyres
604 4193 814 4278 martyribus.
1054 4193 1220 4257 immunes
1236 4212 1256 4256 a
1273 4211 1412 4255 munere

642 4375 661 4421 ²
1272 4376 1295 4437 4

383 4519 442 4584 lsti
461 4517 577 4584 fratres
593 4531 671 4585 sunt
687 4532 817 4602 natura,
1012 4522 1092 4586 Vim
1111 4521 1267 4585 medendi
1284 4539 1351 4602 qua
1367 4518 1540 4602 pollebant

381 4613 455 4694 fide,
471 4616 598 4700 poenis,
613 4617 794 4702 sepultura,
1013 4640 1058 4683 ex
1074 4617 1208 4682 caelesti
1225 4614 1469 4680 contrahebant

422 4711 527 4794 signis
544 4722 577 4776 et
593 4715 746 4795 potentia
760 4738 768 4794 ;
1055 4715 1155 4791 don0,
1171 4733 1237 4776 non
1255 4711 1298 4775 ab
1314 4710 1451 4774 homine
1469 4731 1476 4788 ;

380 4805 474 4891 Quos
490 4807 652 4890 gemellos
669 4821 776 4875 mater
791 4811 878 4876 fudit
1010 4813 1078 4876 Ars
1094 4811 1251 4886 humana,
1268 4808 1316 4872 vis
1332 4807 1510 4870 herbarum

379 4904 441 4966 hos
456 4913 629 4986 coaequat,
644 4905 706 4968 hos
722 4908 893 4973 concludit
1012 4909 1079 4972 cito
1095 4905 1190 4982 fallit,
1206 4905 1343 4988 prodest
1359 4923 1477 4986 parum

425 4999 580 5063 meritum
598 5009 632 5064 et
647 5001 762 5084 gloria.
1055 5003 1127 5068 sine
1143 5001 1248 5068 Sacro
1263 4999 1427 5066 Flamine.
