4116 5784
506 498 579 588 380
757 515 901 567 tuosne
928 517 1132 570 ECCLESIAE
1160 515 1484 570 SILVANECTENSIS

746 753 828 842 265.
860 748 935 823 ns
960 749 1190 845 ¹sancto
1222 747 1536 840 teonomo.
1646 839 1647 844 a

816 1001 829 1048 1
1184 987 1251 1053 Sed
1272 995 1460 1051 extractam
1486 986 1529 1050 de
1549 984 1718 1068 profundo

1183 1083 1293 1148 reddit
1310 1083 1404 1146 Deus
1420 1082 1491 1146 viro
1508 1081 1644 1146 mundo.

553 1131 631 1196 Lux
648 1139 699 1196 est
714 1131 823 1196 laudis
839 1141 872 1198 et
888 1135 1041 1213 iocunda,
1229 1177 1429 1244 columbinis
1445 1176 1589 1260 ungulis,
1606 1213 1608 1218 ,

553 1227 691 1291 laudent
706 1248 824 1292 omnes
840 1228 939 1294 laude
956 1231 1082 1294 munda

598 1331 728 1405 patrem
746 1324 950 1389 Leonorium
968 1345 974 1403 ;
1447 1305 1489 1386 6,

685 1418 787 1484 Plene
803 1419 942 1485 laudent
1186 1425 1284 1492 Cervi
1302 1425 1399 1489 mites
1416 1425 1501 1489 sicut
1517 1443 1596 1488 oves

685 1513 721 1576 hi
737 1517 793 1598 qui
810 1516 959 1598 gaudent
1185 1530 1282 1586 arant
1299 1521 1402 1610 iuncti
1420 1521 1506 1584 sicut
1522 1520 1625 1612 boves

687 1631 800 1676 secum
818 1631 894 1676 vere
1230 1618 1358 1680 eiusad
1377 1617 1541 1705 imperia;
1648 1697 1651 1706 f

686 1726 883 1788 permanere
1232 1713 1310 1776 Non
1329 1721 1524 1795 punguntur
1539 1709 1683 1786 stimulo,

601 1803 707 1866 sancti
724 1823 844 1886 corpus
859 1805 1040 1887 proprium.
1230 1817 1301 1872 no'n
1312 1796 1501 1898 *tanguntur
1515 1806 1636 1871 baculo¹

819 1971 837 2018 2
1232 1905 1313 1992 dum
1330 1905 1501 1988 complent
1517 1902 1634 1967 officia.

1452 2051 1472 2115 7

1191 2157 1431 2223 Concordatim
1441 2177 1566 2238 ¹omnes
1582 2163 1672 2233 eunt,

1192 2255 1270 2336 iuga
1282 2263 1407 2330 tenent,
1424 2254 1500 2336 iuga
1517 2251 1643 2316 vehunt

1236 2349 1268 2410 in
1285 2349 1393 2412 sancti
1409 2347 1596 2432 obsequio;
1652 2349 1672 2408 '.

1238 2445 1385 2526 Pergunt
1401 2443 1618 2518 uniformiter,

1238 2549 1381 2622 pergunt
1398 2539 1600 2604 unanimiter

1237 2656 1304 2699 uno
1320 2635 1495 2700 desiderio.

825 2766 842 2829 3
1330 2829 1334 2837 ,
1456 2767 1475 2828 8

522 2891 632 2956 Huius
648 2893 754 2958 sancti
771 2895 941 2977 praeclara
957 2897 1117 2960 sanctitas
1196 2891 1291 2954 Hora
1308 2911 1398 2954 nona
1415 2891 1632 2972 resolvuntur,

520 3009 578 3070 per
593 2989 751 3071 angelum
768 2992 839 3054 eius
856 2993 1012 3056 nativitas
1193 2996 1343 3069 pascunt,
1366 3008 1464 3077 manc
1488 2999 1697 3053 revertuntur

606 3094 639 3147 et
657 3104 778 3148 nornen
796 3087 998 3168 praedicitur
1013 3109 1020 3164 ;
1238 3092 1271 3146 et
1288 3092 1425 3144 manent
1442 3083 1474 3144 in
1491 3104 1600 3166 opere,

565 3179 767 3262 Applicatur
783 3201 905 3265 expers
922 3182 1000 3246 mali
1195 3178 1291 3261 Opus
1307 3177 1487 3260 complent,
1501 3199 1568 3262 quo
1584 3180 1762 3262 completo,

565 3275 769 3339 documento
786 3278 918 3340 litterali
934 3303 941 3342 :
1197 3274 1288 3337 iubet
1304 3284 1439 3338 sanctus
1456 3275 1553 3345 vultu,
1566 3274 1654 3340 laeto

609 3373 763 3438 miranda
780 3395 830 3438 res
846 3376 978 3458 agitur:
1243 3369 1386 3432 humiles
1403 3371 1577 3434 recedere.¹

1199 3608 1308 3694 Super
1325 3610 1482 3676 Rhenum
1500 3629 1618 3674 caecos
1638 3620 1743 3689 sanat,

613 3690 759 3754 Litteras
775 3693 933 3774 primaria
1199 3704 1246 3768 sic
1262 3705 1305 3772 ab
1321 3723 1362 3769 eo
1378 3705 1478 3787 plene
1495 3715 1610 3768 manat
1652 3767 1673 3778 ,,

609 3787 663 3850 dic
679 3798 786 3866 vocat,
802 3789 867 3854 alia
1241 3800 1302 3864 lux
1318 3801 1469 3864 caelestis
1484 3801 1631 3882 gratiae;

611 3882 728 3963 iungit,
744 3885 857 3948 scribit
873 3887 992 3966 tertia;
1198 3897 1313 3982 Surgit
1329 3919 1430 3962 sanus
1447 3900 1497 3962 vir
1512 3909 1711 3976 contractus

569 3977 654 4039 Mari
671 3975 773 4042 flante
789 3991 889 4044 vento
906 3983 998 4062 gravi
1197 3993 1247 4056 vir
1263 3994 1425 4074 superbus
1442 4015 1524 4058 mox
1540 3994 1729 4061 confractus

569 4073 634 4136 iam
652 4073 824 4138 submersa
841 4097 926 4160 pene
942 4079 1018 4140 navi
1243 4088 1392 4152 redditur
1409 4091 1568 4154 miseriae.

613 4179 814 4252 tempestate
830 4173 943 4250 nimia,

560 2107 616 2172 Ad
635 2107 840 2174 laudandum
857 2111 965 2177 solvat
981 2133 1040 2178 ora

559 2204 668 2266 omnis
684 2203 787 2267 homo
803 2207 895 2269 omni
911 2206 1002 2285 hora,

603 2297 687 2362 festa
703 2300 816 2363 colens
833 2321 965 2380 annua;

560 2393 647 2457 Tam
665 2395 835 2476 praeclara
850 2397 1049 2462 confessoris

562 2489 634 2551 laus
650 2498 700 2553 est
716 2489 801 2567 talis,
818 2489 889 2554 laus
905 2492 1035 2556 decoris

605 2583 711 2646 dulcis
728 2593 761 2648 et
778 2585 945 2652 melliflua.

828 3559 849 3619 4

1453 4225 1492 4272 10

1202 4309 1304 4373 quta
1321 4311 1458 4374 verbum
1476 4315 1699 4394 praedicentis

1200 4413 1233 4467 et
1250 4405 1396 4487 benigne
1411 4407 1625 4471 admonentis

1199 4511 1279 4566 sunt
1295 4502 1440 4566 scabella
1457 4504 1516 4566 viri
1533 4503 1642 4567 flentis

832 4638 847 4703 5
1242 4619 1327 4661 sano
1342 4599 1529 4662 necessaria
1544 4621 1552 4678 ;

1200 4693 1270 4756 Dat
1286 4713 1347 4775 pro
1363 4695 1441 4757 vino
1458 4705 1575 4758 sancto
1590 4695 1679 4758 virus

572 4784 624 4846 De
641 4785 788 4865 proiecta
805 4787 887 4850 mari
904 4807 961 4850 ara
1201 4787 1304 4851 homo
1317 4809 1470 4872 nequam,
1487 4789 1590 4853 homo
1605 4789 1705 4866 dirus,

572 4875 608 4942 fit
625 4899 682 4943 cor
697 4891 874 4959 moestum,
890 4901 984 4946 mens
1001 4903 1124 4962 amara,
1201 4883 1303 4948 homo
1320 4885 1426 4948 malus
1443 4894 1475 4948 et
1491 4885 1614 4949 delirus

616 4977 798 5040 uerterandi
813 4977 997 5060 praesulis3
1247 4989 1281 5045 et
1298 4979 1416 5063 plenus
1433 4981 1593 5074 nequitia,
1668 5047 1670 5050 .

573 4265 752 4328 Excitatus
768 4269 848 4330 dum
865 4269 1036 4346 dormiret,

509 4395 512 4400 ·
569 4380 667 4442 prece
682 4360 759 4424 secit
776 4383 819 4425 ne
834 4365 956 4444 periret

612 4455 708 4538 plebs
725 4458 756 4518 in
776 4460 851 4520 navi
868 4461 965 4523 socia.
