4116 5784
459 493 531 564 344
773 481 915 536 PROSAE
942 480 1146 534 ECCLESIAE
1175 480 1413 532 MORINENSIS

764 675 779 742 5

503 774 558 839 Sic
574 769 713 852 angelus
729 767 819 830 hunc
835 766 954 830 eduxit

458 882 491 936 et
508 871 540 934 in
558 867 673 932 urbem
691 864 815 927 laetum
833 861 969 925 induxit

480 1033 484 1042 ,
504 966 561 1032 Sic
576 962 711 1027 delusus
727 968 778 1022 est
796 957 951 1020 Herodes

460 1063 493 1118 et
510 1051 633 1116 milites
650 1048 738 1112 Petri
755 1045 919 1109 custodes.

766 1169 787 1230 6

504 1291 601 1354 Tunc
618 1282 757 1368 angelus
772 1282 861 1346 hunc
879 1281 1028 1358 dimisit;

505 1387 622 1450 Petrus
638 1381 756 1444 fratres
773 1398 855 1440 mox
872 1377 984 1440 invisit
1000 1397 1008 1453 ;

504 1482 590 1544 Viso
606 1479 715 1550 Petro,
730 1472 873 1556 apostoli

505 1578 664 1660 gaudent,
680 1572 822 1634 factores
839 1567 992 1650 symboli.

768 1705 787 1771 7

639 1801 854 1868 Gratulantes

638 1909 739 1982 atque
755 1897 875 1960 dantes

594 1998 743 2064 Domino
759 1993 911 2077 gloriam,

637 2096 776 2174 Propter
792 2109 886 2152 suam

636 2186 830 2252 mellifluam

592 2283 864 2350 misericordiam.

672 2431 675 2468 :
769 2405 788 2464 8

508 2519 611 2595 Audi,
629 2517 733 2590 Petre,
750 2512 845 2575 lirma
862 2519 955 2592 petra

596 2613 639 2676 ab
655 2607 775 2673 inferni
791 2607 846 2670 via

1132 679 1193 723 nos
1210 659 1350 737 retrahe,
1367 667 1400 723 ct
1413 659 1549 724 absolve

1221 754 1335 819 divina
1350 755 1458 838 gratia
1472 778 1479 834 ;

1135 849 1188 915 cui
1206 851 1331 934 ligandi
1348 862 1382 916 et
1398 851 1548 916 solvendi

1176 948 1256 1011 data
1272 956 1323 1012 est
1339 949 1490 1031 potentia
1504 969 1511 1026 ;

1136 1042 1212 1107 Tibi
1231 1043 1322 1106 Deus
1340 1044 1386 1106 ire
1402 1045 1495 1108 dedit

1222 1140 1364 1224 desuper
1381 1159 1537 1223 aequora,

1135 1245 1170 1300 et
1185 1236 1335 1299 omnium
1354 1234 1559 1299 infirmorum

1222 1351 1340 1394 sanare
1355 1351 1505 1414 corpora,

1136 1427 1264 1510 aperire
1280 1436 1313 1490 et
1329 1427 1483 1491 claudere

1223 1521 1380 1586 caelestia
1397 1523 1530 1605 palatia.

1137 1724 1242 1798 Petre,
1258 1721 1386 1804 palmes
1398 1637 1499 1786 tilerae
1514 1721 1599 1798 vitis,

1140 1839 1201 1882 nos
1216 1818 1361 1896 absolve,
1377 1828 1491 1900 pastor
1507 1818 1596 1882 mitis

1181 1913 1224 1977 ab
1239 1914 1331 1977 omni
1348 1914 1506 1996 spurcitia
1521 1935 1528 1993 ;

1139 2011 1212 2073 Nos
1228 2009 1363 2073 absolve
1381 2030 1508 2092 nosque
1524 2010 1650 2072 munda

1138 2127 1266 2189 nosque
1282 2108 1406 2189 perduc
1423 2109 1465 2170 ad
1483 2107 1629 2170 iocunda

1181 2213 1373 2270 sanctorum
1389 2204 1566 2268 consortia.

1394 2327 1432 2372 10

1140 2413 1188 2476 Ut
1203 2431 1334 2494 semper
1351 2432 1411 2476 nos
1427 2413 1637 2494 gaudeamus

1184 2527 1259 2571 cum
1278 2508 1411 2572 Christo
1429 2509 1585 2590 ingloria

1139 2614 1172 2667 et
1188 2613 1362 2668 cantemus
1378 2603 1533 2667 Alleluia.

500 2795 517 2847 4
536 2783 558 2835 d
590 2779 638 2833 Un
664 2786 724 2830 mot
749 2775 785 2830 de
802 2774 875 2830 deux
896 2773 1018 2843 syllabes
1040 2781 1083 2827 est
1104 2773 1200 2828 tombe
1219 2773 1256 2826 de
1278 2789 1310 2826 ce
1332 2789 1404 2827 vers.
1435 2773 1516 2827 Nous
1541 2771 1725 2827 retablissons

455 2861 608 2930 frangens.

503 2952 516 3008 5
532 2944 553 2993 b
584 2939 690 2992 laetum
703 2934 782 2990 duxit
792 2935 934 2988 Morinen.
949 2943 1042 3004 rompt
1055 2933 1082 2988 le
1095 2932 1293 3003 parallelisme.

500 3033 516 3087 7
530 3037 548 3074 c
580 3021 643 3072 Deo
657 3017 800 3070 Morimn.
813 3014 864 3070 fait
877 3031 915 3068 un
928 3031 992 3068 vers
1005 3013 1078 3068 saux.

500 3099 516 3154 8
530 3104 552 3152 h
584 3115 669 3168 super
681 3112 807 3168 aequora
819 3096 962 3150 Mon‘nen.
977 3111 1031 3148 une
1043 3093 1151 3163 syllabe
1164 3109 1296 3165 manque.

483 3196 515 3235 ιο
531 3181 570 3234 La
580 3177 710 3234 derniere
723 3177 838 3246 strophe
852 3176 888 3230 de
901 3185 975 3230 cette
990 3176 1086 3244 Prose,
1100 3191 1178 3228 assez
1191 3191 1246 3243 peu
1256 3173 1394 3244 reguliere
1407 3177 1444 3230 de
1461 3177 1580 3248 rythme‚
1602 3189 1645 3234 est
1665 3195 1728 3248 pro·

463 3263 628 3316 bablement
641 3273 817 3328 corrompue.

760 3483 841 3556 237.
874 3461 949 3534 oe
979 3461 1203 3564 sancia
1234 3461 1429 3536 manin.

777 3652 789 3697 1

512 3761 595 3836 Ave,
612 3759 729 3840 Virgo,
746 3755 869 3821 Christi
886 3754 980 3832 cellaf
1058 3802 1059 3806 ,

512 3858 603 3921 Iesse
618 3855 720 3936 virga,
736 3852 835 3915 maris
852 3851 958 3928 stella,

554 3951 666 4015 nobile
682 3948 873 4024 triclinium,

512 4049 622 4112 Favus
639 4045 769 4109 stillans
786 4043 888 4106 lacet
905 4042 1013 4120 mella,

488 4221 491 4228 .
513 4143 692 4224 Moysique
708 4150 743 4204 tu
762 4137 894 4216 fiscella,

557 4237 661 4300 lilium
679 4234 890 4298 convallium.

780 4383 798 4430 2

515 4493 567 4556 Tu
583 4490 752 4555 thalamus
768 4487 952 4565 aethereus,

491 4659 492 4663 ,
513 4598 549 4653 tu
566 4607 667 4670 sapor
682 4606 718 4650 es
734 4595 918 4660 nectareus,

556 4703 681 4766 egenos
699 4681 848 4745 reficiens
861 4700 869 4757 ;

515 4781 569 4843 Ex
585 4791 619 4843 te
635 4799 731 4842 verus
747 4777 796 4840 sol
814 4777 975 4857 processit

1143 3754 1271 3831 Gaude,
1286 3756 1393 3838 Virgo
1409 3757 1585 3840 virginum,

1140 3851 1239 3928 salve,
1255 3852 1344 3914 salus
1360 3854 1522 3934 gentium,

1185 3947 1327 4030 gignens
1345 3948 1454 4012 Deum
1473 3949 1643 4013 hominem
1658 3972 1665 4029 3

1147 4043 1250 4106 Beata
1268 4064 1438 4126 puerpera,

1144 4149 1200 4202 tua
1218 4139 1344 4203 lactant
1361 4140 1462 4204 ubera

1188 4236 1383 4298 miserorum
1401 4236 1559 4320 pugilem.

1407 4385 1430 4446 4

1148 4488 1301 4551 Flamma
1318 4488 1418 4551 rubus
1436 4489 1549 4568 uritur,

1147 4586 1296 4648 nondum
1314 4593 1427 4647 tamen
1445 4584 1588 4650 laeditur

1146 4681 1232 4762 ignis
1248 4681 1301 4744 hic
1318 4681 1474 4744 incendio
1488 4702 1496 4759 ;

1144 4776 1252 4859 Virgo
1268 4797 1388 4860 parens
1404 4777 1559 4857 creditur,

512 4875 670 4958 splendor
685 4875 779 4937 cuius
795 4890 862 4934 non
881 4873 1075 4936 marcescit:
1142 4891 1203 4936 nec
1220 4872 1294 4954 ipsa
1309 4872 1534 4955 corrumpitur

559 4981 610 5034 est
626 4990 703 5034 narn
722 4965 924 5032 indeficiens.

1145 4967 1204 5031 tali
1221 4969 1405 5051 puerperio.
