4108 5794
646 492 788 544 PROSAE
815 493 1020 546 ECCLESIAE
1047 493 1286 548 SENONENSIS
1521 499 1591 570 213

372 675 580 726 Manusorlts.
598 671 852 726 Momentum:
873 671 947 728 Bibl.
960 672 997 728 de
1018 656 1130 728 l'lficole
1142 672 1179 729 de
1193 673 1353 745 medecine,
1370 689 1413 746 71,
1437 676 1537 733 Missel
1559 677 1595 732 de

337 749 417 819 Sens,
429 749 546 804 xiv0-xve
556 749 648 805 siecle.
662 751 732 804 MR.
763 752 858 808 Suus:
874 752 947 808 Bibl.
958 752 1030 807 dela
1039 751 1122 822 Ville,
1136 752 1247 824 16-(17),
1259 755 1360 810 Missel
1373 756 1408 812 de
1423 759 1503 826 Sens,
1514 755 1595 830 piece

339 828 448 900 ajoutee
460 846 497 884 au
509 829 680 898 xvii⁰siecle,
692 830 751 884 SE.

369 983 424 1032 ab
454 988 484 1033 ut
501 979 602 1036 invitat
628 980 764 1035 Senonen.
807 997 860 1035 nos
880 980 982 1036 invitat
1008 981 1070 1035 SE.
1116 981 1155 1036 Le
1179 983 1387 1040 Manuscritde
1410 985 1594 1056 Montpellier
1630 995 1632 1000 ’

336 1059 429 1192 ᾲοηὲο
440 1065 468 1112 et
479 1059 596 1129 invitat,
610 1059 693 1130 apres
706 1070 836 1130 grattage
848 1060 914 1116 d'un
928 1070 988 1116 mot
1001 1061 1049 1131 qui
1059 1061 1225 1134 remplacait
1236 1068 1271 1120 et.
1302 1081 1320 1118 o
1345 1064 1470 1120 Victoris
1487 1081 1594 1122 memo-

335 1155 376 1194 na
410 1155 523 1192 enonen.

374 1231 420 1288 53
449 1235 542 1288 neque
555 1216 631 1272 lacta
642 1217 713 1271 MR.

371 1303 422 1366 91)
453 1297 561 1368 plaudit
574 1297 634 1351 SE.
666 1313 683 1352 e
713 1297 887 1367 percussoris
901 1298 972 1352 MR.
1004 1298 1195 1368 praecursoris
1209 1301 1343 1356 Senonen.

490 1695 569 1764 142.
602 1671 661 1746 IN
695 1671 1061 1746 INVENTIONE
1091 1671 1130 1746 S.
1152 1671 1457 1748 STEPHANI.

646 1953 658 1998 1
1275 1949 1290 2016 5

382 2093 515 2158 Laudes
531 2093 630 2176 primi
646 2093 840 2158 attollamus
1009 2093 1105 2156 Tunc
1123 2091 1297 2156 sacerdos:
1313 2097 1330 2126 “
1341 2092 1426 2176 Quis
1437 2094 1584 2158 vocaris?

385 2190 549 2272 martyris,
565 2197 598 2254 et
614 2189 800 2254 recolamus
1017 2187 1085 2272 Qui
1101 2197 1180 2253 sunt
1195 2188 1316 2272 quibus
1333 2189 1492 2254 sociaris?
1503 2190 1519 2218 ”

422 2285 474 2350 his
490 2286 592 2350 sacris
607 2285 801 2364 sollemniis,
1055 2285 1221 2368 quaesivit
1237 2286 1407 2352 attentius.

383 2381 534 2465 Qualiter
549 2383 593 2446 sit
608 2382 792 2446 revelatum
1013 2381 1080 2464 Qui
1096 2382 1288 2464 respondit:
1304 2385 1321 2414 “
1338 2381 1422 2447 Sum
1439 2392 1577 2449 vocatus

381 2499 500 2562 corpus
517 2479 596 2557 eius,
612 2487 646 2544 et
662 2479 871 2558 translatum,
1011 2477 1186 2556 Gamaliel,
1203 2477 1284 2540 mihi
1300 2487 1415 2561 gratus

424 2574 605 2640 multorum
621 2574 800 2658 obsequiis.
1056 2573 1249 2656 Stephanus
1264 2584 1316 2638 est
1331 2575 1450 2641 socius.
1465 2575 1481 2602 ’⁸

642 2758 660 2804 2
1271 2742 1293 2805 6

383 2898 533 2964 Luciano
549 2899 742 2982 quiescenti,
1014 2899 1100 2964 Mox
1116 2919 1228 2964 coram
1245 2920 1286 2964 eo
1301 2899 1453 2965 calathos

384 3005 488 3060 stratu
504 3015 567 3060 suo
583 2995 771 3074 dormienti,
1012 3005 1079 3060 tres
1095 2997 1208 3080 posuit
1223 2995 1422 3076 cumulatos,

425 3092 532 3155 noetis
549 3092 581 3154 in
599 3090 742 3170 silentio,
1058 3093 1141 3158 rosis
1157 3092 1351 3158 odoriferis:

384 3188 487 3252 Facta
502 3197 552 3252 est
568 3187 781 3270 reliquiarum
1013 3189 1093 3254 Duo
1109 3188 1316 3272 praebebant
1332 3189 1446 3254 niveas

384 3284 641 3368 Protomartyris
656 3295 847 3352 sanctarum
1013 3307 1114 3364 rosas,
1130 3285 1214 3350 alter
1229 3287 1431 3368 sanguineas

424 3379 564 3446 caelitus
580 3382 735 3446 ostensio.
1058 3382 1262 3466 pulchriores
1278 3383 1425 3448 caeteris

645 3568 662 3630 3
1276 3566 1296 3634 7

384 3705 448 3773 Vir
462 3707 599 3792 quidam
617 3707 746 3792 longus,
762 3719 912 3790 canutus,
1018 3709 1073 3774 De
1087 3707 1210 3792 quibus
1227 3708 1293 3772 ait:
1309 3712 1325 3740 ‘⁴
1340 3707 1407 3772 Hic
1424 3727 1515 3774 rosas

384 3803 477 3868 vultu
493 3805 643 3882 decorus,
659 3806 796 3870 indutus
1015 3805 1108 3869 locus
1124 3803 1251 3868 habens
1267 3813 1336 3868 tam
1354 3803 1526 3884 formosas,

427 3900 521 3978 albis,
537 3909 645 3965 tectus
661 3901 774 3984 pallio,
1060 3902 1130 3965 eius
1146 3909 1197 3965 est
1213 3901 1269 3984 qui
1285 3900 1439 3984 praebuit

346 3995 516 4062 Sacerdoti
533 3996 566 4060 in
584 3998 655 4060 visu
672 3995 791 4084 affuit;
1020 3998 1138 4061 Preces
1154 4017 1215 4080 pro
1230 3995 1404 4079 supplicio,

346 4090 431 4156 hunc
442 4092 587 4176 pulsavit
597 4094 690 4178 virga
701 4114 802 4177 quam
814 4095 931 4174 tenuit,
1019 4093 1076 4178 qui
1093 4094 1220 4178 primus
1237 4093 1397 4176 martyrio

429 4191 627 4273 vocavitque
643 4191 752 4269 terti0,
1064 4190 1215 4254 coronari
1232 4190 1361 4254 meruit.

646 4377 668 4438 4
1279 4360 1310 4422 8·

390 4508 514 4574 Dicens
530 4535 536 4573 :
551 4514 567 4542 “
580 4511 678 4575 Vade
691 4511 762 4574 sine
778 4531 872 4575 mora
1020 4511 1065 4574 Et
1080 4509 1195 4574 statim
1212 4508 1384 4590 evigilavit

390 4607 430 4670 ad
449 4605 646 4684 Iohannem,
661 4615 695 4669 et
711 4607 863 4690 implora,
966 4595 970 4602 ’
1018 4605 1229 4687 Iohannique
1246 4603 1403 4668 revelavit

434 4703 523 4786 quod
541 4701 662 4766 clausis
677 4705 815 4785 aperiat,
1063 4703 1134 4766 visa
1150 4701 1193 4766 ab
1209 4701 1358 4764 exordio.
1388 4773 1390 4778 .

434 4799 482 4864 Ut
499 4819 560 4881 pro
576 4800 644 4862 suis
665 4799 800 4862 famulis
1066 4799 1156 4862 Hinc
1173 4797 1215 4860 ad
1234 4797 1298 4859 Dei
1315 4795 1458 4860 contulit

435 4896 597 4959 mundum
614 4895 804 4976 apericulis
1067 4915 1111 4971 se,
1128 4893 1244 4956 laudes
1260 4902 1293 4956 et
1310 4893 1458 4974 protulit,

441 4991 609 5056 Dominus
625 4990 751 5074 eripiat.
768 4991 784 5018 ”
1073 4989 1236 5074 lacrymas
1253 5008 1332 5072 prae
1348 4989 1481 5072 gaudio,
