4116 5784
627 539 767 591 mosas
795 541 999 590 secessus
1028 540 1349 592 smvnuscnuusrs
1542 528 1615 618 387

442 831 606 895 Dominus
621 831 790 912 potentior
1072 832 1120 896 Et
1134 833 1314 898 benedictus
1330 836 1419 915 prior

442 937 491 991 est
509 935 619 1002 tecum,
634 945 721 1008 quae
737 927 883 991 sanctior
1073 929 1214 992 Fructus
1230 951 1268 994 ac
1284 929 1449 994 salubrior

443 1023 546 1086 clares
562 1031 596 1084 et
612 1021 752 1086 lucidior
766 1044 773 1100 ;
1072 1025 1197 1088 ventris
1212 1025 1271 1103 tui,
1286 1025 1406 1089 clarior

443 1118 583 1198 Suscipe
599 1119 777 1199 praeconia
1073 1118 1139 1202 Qui
1157 1142 1216 1203 per
1231 1131 1264 1185 te
1280 1121 1437 1185 caelestia

444 1222 616 1278 moventes
632 1214 791 1278 armonia.
1072 1216 1168 1279 nobis
1185 1217 1288 1280 donet
1304 1217 1436 1298 gaudia.

659 1328 681 1389 6
1290 1332 1308 1392 8

443 1439 624 1515 Benedicta,
642 1439 770 1516 celsior,
1074 1443 1181 1526 Virgo
1197 1445 1382 1525 pretiosior,

443 1535 571 1618 angelis
587 1543 622 1598 tu
640 1533 817 1616 pulchrior,
1073 1539 1257 1621 virginibus
1273 1539 1416 1622 dignior,

443 1643 539 1714 super
552 1651 661 1693 omnes
675 1633 787 1712 potior
1073 1635 1239 1716 sapphiris
1256 1635 1395 1712 rutilior,

444 1727 613 1802 Mulieres
628 1726 742 1790 omnia
1074 1729 1235 1794 Cordium
1252 1731 1394 1812 suspiria

445 1823 588 1906 flagrans
605 1841 703 1903 super
721 1822 795 1886 lilia.
1075 1836 1132 1888 tua
1148 1825 1229 1890 tolle
1245 1827 1361 1909 gratia.

770 2019 893 2082 Sancta
911 2020 1100 2101 speciosior,

767 2115 887 2177 Maria
903 2113 1116 2194 splendidior,

767 2222 874 2274 mater
889 2211 1090 2272 mirabilior:

767 2307 808 2370 Iu
825 2315 952 2369 nostrae
969 2307 1084 2370 mortis
1098 2307 1188 2384 horn,

769 2401 878 2466 Deum
893 2413 951 2478 pro
968 2401 1057 2464 nobis
1072 2424 1139 2466 ora.

396 2541 591 2591 Manuscrlt.
615 2537 728 2591 Pons:
748 2531 820 2586 Bibl.
837 2532 912 2598 Nat,
930 2543 1022 2600 11592‚
1038 2531 1137 2586 lllissel
1151 2533 1187 2588 de
1197 2535 1279 2601 Toul,
1292 2544 1339 2590 κν*
1350 2536 1443 2606 siecle,
1457 2539 1490 2592 R.

309 2703 315 2711 -
397 2683 405 2721 1
422 2685 439 2722 c
470 2668 502 2722 iis
515 2669 548 2722 R.
563 2669 693 2724 Baincen.
709 2665 858 2720 carnoten.
873 2663 1062 2718 Sr'luaneclen.

394 2752 443 2801 zb
474 2748 575 2802 dictior
589 2749 738 2802 Cameren.
770 2762 787 2798 e
817 2743 942 2797 victuros
956 2743 1145 2798 Silvanecten.

392 2833 443 2890 ub
473 2827 793 2896 precantiorEbroiceu.
824 2841 842 2877 c
873 2821 976 2876 auxilio
990 2822 1246 2878 fortiorEbroicen.
1259 2825 1447 2880 Silvanectum

393 2919 406 2974 5
422 2912 443 2959 b
472 2915 566 2961 tecum
576 2916 619 2961 est
633 2907 666 2959 R.
682 2905 829 2958 Carnuten.
845 2901 989 2955 Ebroicen.
1002 2902 1189 2957 Siluaructen.
1222 2914 1315 2958 tecum
1329 2915 1357 2959 et
1367 2907 1492 2960 Maioris
1500 2907 1617 2961 Manas-

356 2987 422 3038 terii
437 2985 615 3040 Turonensis.
647 3001 704 3055 quo
717 2981 841 3038 sanctior
860 2982 1047 3036 Silvaneclen.
1080 2981 1127 3052 qui
1150 2983 1276 3037 sanctior
1294 2983 1441 3039 Ebroicen.
1470 3003 1488 3040 c
1518 2987 1612 3041 clarus

357 3063 501 3118 Ebroicen.

390 3143 407 3197 6
420 3149 469 3198 de
500 3143 633 3198 mulieres
645 3143 750 3198 inclina
762 3142 799 3196 ad
813 3151 910 3194 nostra
923 3140 1057 3208 suffragia
1070 3141 1102 3194 R.
1124 3141 1272 3214 Carnolen.
1294 3143 1439 3198 Ebroicen.
1466 3145 1613 3200 Silvanec-

357 3228 409 3276 ten.
424 3223 550 3276 Mauris
562 3223 742 3277 Monaslm'i.

393 3315 408 3366 7
422 3307 471 3356 de
502 3302 561 3356 sole
576 3303 655 3356 Iesus
670 3322 676 3366 ;
690 3300 823 3368 Domina,
838 3300 915 3354 dona
926 3298 1008 3352 nobis
1022 3298 1126 3368 gaudia
1140 3299 1172 3352 R.
1186 3299 1333 3355 Caruntm.
1355 3302 1503 3357 Ebroicen.
1519 3303 1615 3356 Silua·

358 3386 459 3435 meten.
492 3382 577 3436 Solve
591 3380 625 3449 (1)
640 3383 720 3435 lesus
733 3399 740 3446 ;
755 3379 882 3434 Domina
893 3379 970 3432 bona
984 3377 1016 3446 (l)
1030 3379 1113 3432 nobis
1126 3378 1231 3446 gaudia
1245 3380 1371 3434 Maioris
1381 3382 1560 3436 Monasterii.

292 3491 296 3496 ·
393 3461 444 3516 81)
474 3460 629 3530 virginibus
650 3458 772 3530 praeviis
795 3458 830 3528 (is
847 3459 865 3512 ἒι
884 3457 960 3513 demi
986 3457 1086 3524 efface)
1103 3459 1137 3513 R.
1168 3459 1299 3527 praevior
1319 3459 1468 3514 Camoten.
1490 3462 1617 3515 Maioris

357 3539 537 3594 Monaslm'i.
568 3540 665 3610 purior
677 3539 822 3593 Ebroiccn.
838 3539 1025 3592 Silvanecten.
1058 3555 1075 3590 e
1107 3537 1200 3606 profer
1220 3538 1291 3592 caeli
1313 3539 1391 3593 curia
1412 3541 1446 3594 R.
1470 3541 1613 3595 Ebror'ccn.

357 3619 543 3674 Sr'luauecten¹
576 3635 675 3690 prome
686 3618 756 3674 caeli
771 3617 849 3672 curia
864 3617 1012 3671 Carnuten.
1025 3618 1151 3670 Maioris
1163 3617 1345 3676 Munasterii.

391 3705 442 3766 9d
475 3700 569 3754 Deum
581 3716 633 3769 pro
646 3697 730 3753 nobis
743 3714 793 3751 ora
807 3697 839 3750 R.
853 3697 998 3750 Ebroicen.
1032 3695 1087 3749 Dei
1105 3713 1155 3766 pro
1170 3697 1253 3751 nobis
1272 3715 1321 3751 ora
1345 3697 1494 3754 Cameren.
1519 3699 1616 3754 Silua·
1658 3737 1660 3740 -

355 3784 457 3833 neclan.
471 3779 786 3834 Maion‘sMonasterii.
818 3793 835 3830 e
865 3777 943 3829 omni
962 3792 1026 3830 cum
1040 3776 1145 3830 sanctis
1160 3776 1230 3830 hora
1244 3777 1277 3832 R.
1299 3777 1447 3831 Cometen.
1468 3779 1614 3832 Ebror‘cen.

357 3859 545 3913 Silvanecten.
559 3859 686 3912 Maioris
696 3857 875 3910 Monosurii.

394 3978 440 4032 On
454 3995 471 4033 a
482 3977 533 4033 fait
546 3989 642 4034 entrer
654 3977 728 4032 dans
741 3986 815 4032 cette
829 3977 918 4030 Prose
929 3976 970 4030 les
983 3985 1058 4030 mots
1071 3977 1107 4031 de
1120 3977 1203 4030 l’Aue
1222 3978 1330 4032 Maria.
1365 3979 1447 4034 Nous
1460 3979 1501 4034 les
1520 3995 1615 4050 repro·

360 4057 477 4113 duisons
490 4075 526 4114 en
540 4057 678 4128 italiques.

674 4268 756 4338 273.
788 4245 862 4318 ou
896 4243 1084 4318 nunno
1116 4245 1311 4318 unuln.

669 4437 680 4481 1
1033 4418 1115 4482 caeli
1132 4428 1305 4501 terraeque
1322 4419 1507 4483 Dominum

356 4545 360 4551 ·
447 4513 601 4598 Angelus
617 4515 660 4577 ad
677 4513 852 4596 Virginem
1164 4516 1332 4597 concipies

446 4612 638 4675 subintrans
655 4610 687 4672 in
705 4609 873 4686 conclave,
1163 4622 1196 4674 et
1213 4611 1320 4693 paries

445 4707 594 4789 Virginis
610 4705 822 4770 formidinem
1207 4709 1342 4782 intacta,

444 4801 648 4880 demulcens,
664 4802 772 4884 inquit
788 4823 795 4865 :
811 4805 827 4832 ‘¹
839 4799 922 4876 Ave,
1118 4802 1259 4865 salutem
1279 4801 1462 4876 hominum,

664 4914 682 4960 2
1075 4907 1110 4960 tu
1127 4909 1224 4980 porta
1236 4897 1319 4960 caeli
1336 4897 1433 4975 lacta,

402 4993 487 5072 Ave,
504 4995 636 5076 Regina
652 4994 827 5075 virginum,
1120 4994 1250 5057 medela
1266 4993 1451 5057 criminum.
1468 4995 1484 5020 ''
