4108 5794
794 601 937 654 PROSAE
963 595 1166 652 ECCLESIAu
1193 591 1433 648 SENONENSIS

760 843 839 913 141.
872 785 947 890 o's
977 811 1202 888 snucro
1229 767 1509 884 vrcvoas(

804 1093 815 1138 l

516 1206 641 1272 Vincat
658 1207 796 1274 mentes,
807 1197 919 1260 vincat
936 1190 1099 1256 mundum

517 1313 551 1367 et
567 1297 706 1382 repellat
721 1315 778 1360 cor
794 1289 1006 1356 immundum

562 1397 711 1465 Victoris
726 1391 916 1479 praesentia
932 1411 939 1468 ;

517 1503 628 1568 Amor
642 1497 741 1573 vitae,
756 1512 855 1574 sapor
872 1487 988 1553 mundi

518 1601 696 1666 evanescat
712 1593 745 1654 in
763 1585 897 1652 iocundi

565 1689 722 1775 martyris
739 1683 909 1750 memoria.

809 1821 827 1868 2

548 1938 658 2002 Docet
674 1951 746 1996 esse
763 1948 824 1992 nos
839 1926 990 2000 victores,

548 2053 609 2098 nos
626 2029 746 2093 invitat
762 2025 803 2089 ad
821 2023 952 2105 vigores

591 2125 739 2192 Victoris
754 2119 894 2185 victoria
907 2137 914 2194 ;

550 2224 644 2291 Vicit
660 2221 749 2284 enim
767 2214 883 2280 mundi
901 2229 1018 2287 nexus,

553 2331 589 2386 ut
604 2318 731 2383 veniret
747 2314 790 2378 ad
807 2309 985 2393 amplexus

597 2411 730 2489 Christi,
746 2429 805 2493 per
822 2405 991 2487 martyria.

818 2543 835 2608 3

558 2655 624 2720 Hic
641 2655 707 2718 iam
723 2660 796 2716 tota
811 2647 943 2730 legione

556 2758 717 2817 coronata
731 2744 888 2830 passione

600 2865 676 2911 cum
693 2843 778 2907 duce
794 2835 966 2913 Mauritio,

456 3009 462 3021 ,
559 2945 651 3008 Loca
666 2938 777 3005 caedis
793 2944 826 2998 et
842 2940 1033 2996 sanctorum

557 3042 685 3114 videns,
699 3035 805 3120 gemit
820 3031 998 3094 beatorum

602 3138 719 3201 deesse
734 3127 913 3195 consortio

820 3268 842 3329 4

560 3382 697 3446 Mensas
714 3372 815 3439 currit
831 3370 874 3434 ad
890 3363 1029 3430 hostiles

561 3487 594 3541 et
610 3481 746 3538 accusat
761 3468 854 3532 cibos
869 3463 952 3527 viles
968 3482 975 3541 ;

605 3569 745 3655 profano
761 3561 916 3629 convivio

564 3667 730 3733 Invitatus
747 3660 941 3742 indignatur

563 3775 597 3830 et
613 3761 771 3827 convivas
787 3757 985 3825 detestatur,

607 3859 756 3922 clamans
773 3871 849 3916 cum
866 3843 1031 3928 suspirio:

830 3984 845 4050 5

698 4099 713 4128 “
731 4092 843 4176 Quam
860 4089 1024 4152 damnose

697 4189 815 4254 mortis
830 4185 912 4248 hora

697 4285 841 4369 gloriose

596 4377 600 4386 ’
697 4375 789 4448 brevi
806 4395 900 4442 mora

610 4501 696 4566 quae
711 4480 759 4542 sic
774 4473 882 4539 aufert
898 4479 1062 4550 tempora.

568 4581 636 4666 Qui
652 4587 704 4643 tot
719 4575 816 4639 annis
833 4565 974 4634 militavi

569 4695 678 4759 neque
694 4679 810 4736 sancta
825 4657 1057 4730 consummavi

613 4773 685 4837 dies
701 4770 787 4833 inter
803 4779 952 4844 corpora.

831 4895 852 4956 6

570 5021 687 5090 Vallat
702 5017 800 5084 turba
817 5009 1075 5097 prophanorum,

571 5123 830 5204 conquerentem
847 5108 1029 5172 electorum

1213 1063 1364 1130 subtrahi
1381 1061 1549 1144 martyrio.

1299 1161 1390 1224 Dum
1407 1157 1560 1233 vallatur,

1298 1259 1480 1340 imperatur

1299 1351 1501 1436 respondere

1300 1469 1400 1532 quem
1417 1447 1544 1510 sincere

1216 1545 1305 1612 colat
1320 1564 1432 1610 coram
1449 1541 1573 1626 gladio.

1436 1723 1456 1792 7

1178 1861 1368 1926 Veteranus
1385 1857 1577 1934 iuvenescit,

1179 1957 1303 2040 frigens
1320 1964 1411 2019 aetas
1428 1953 1532 2035 frigus
1549 1951 1664 2029 nescit,

1224 2052 1286 2116 sub
1301 2051 1411 2115 calore
1427 2047 1580 2132 pectoris.

1182 2150 1302 2213 Fervet
1317 2145 1409 2224 fides,
1426 2144 1530 2208 fervet
1546 2151 1663 2226 pectus
1680 2165 1687 2204 :

1182 2245 1306 2310 clamat
1322 2262 1417 2306 amor
1432 2251 1464 2305 et
1482 2237 1620 2303 affectus

1226 2350 1300 2405 toto
1317 2339 1390 2403 nisu
1407 2337 1577 2420 corporis:

1446 2509 1465 2571 8

1319 2655 1430 2738 Quem
1447 2655 1559 2731 adom,

1317 2771 1418 2836 quem
1435 2771 1549 2826 exoro,

1318 2849 1471 2914 Christus
1488 2865 1603 2928 regum

1319 2965 1389 3022 reX,
1406 2953 1439 3006 et
1455 2942 1566 3025 legum
1612 2981 1614 2985 -

1232 3041 1387 3105 conditor
1403 3039 1576 3122 egregius:

1322 3137 1476 3218 Longam
1494 3152 1633 3210 moram,

1322 3232 1437 3295 mortis
1454 3230 1570 3292 horam

1323 3325 1524 3390 restaurabit

1325 3423 1408 3488 mori
1424 3423 1519 3486 dabit

1202 3584 1203 3587 ,
1238 3541 1314 3585 cum
1331 3519 1438 3584 beatis
1454 3517 1590 3600 gratius.

1455 3701 1477 3762 9

1195 3834 1297 3913 Vota,
1312 3852 1437 3915 preces,
1452 3829 1605 3895 Christus
1621 3826 1738 3912 audit:

1195 3932 1278 3994 haec
1295 3928 1462 4012 loquentis
1478 3925 1564 3989 colla
1580 3923 1706 3987 claudit

1240 4024 1427 4109 pecussoris
1442 4021 1583 4104 gladius.
1701 4035 1702 4038 ’

1199 4121 1302 4184 Fidus
1318 4138 1430 4182 comes
1448 4116 1599 4199 legionis,

1199 4217 1321 4298 migrat
1338 4222 1472 4295 martyr,
1488 4209 1652 4294 passionis

1243 4322 1276 4376 et
1292 4331 1435 4375 coronae
1452 4309 1570 4373 socius.

1455 4479 1491 4524 12

1202 4611 1320 4674 Victor
1335 4609 1433 4684 vitae,
1449 4609 1555 4670 victor
1572 4605 1699 4681 mundi,

1198 4707 1303 4772 victor
1319 4704 1424 4767 hostis
1442 4703 1621 4779 furibundi,

1247 4801 1363 4868 mortis
1380 4801 1516 4864 vincens
1533 4798 1654 4863 taedia.

1200 4899 1309 4965 Vince
1325 4907 1464 4974 mentes,
1479 4895 1581 4958 corda
1597 4891 1744 4957 munda:

1200 4997 1422 5080 lacrymarum
1441 4991 1607 5056 mundans
1624 4989 1723 5066 unda,

1248 5102 1361 5158 nostra
1377 5091 1473 5155 vince
1489 5090 1579 5155 vitia.
