4108 5794
783 461 924 512 PROSAE
953 461 1156 513 ECCLESIAE
1183 463 1478 514 XANCTONENSIS

693 667 772 744 157.
805 649 880 723 DE
911 648 951 723 S.
976 645 1160 723 PETRO
1188 649 1266 722 AD
1295 650 1546 725 VlNCVLA
1609 703 1611 708 -

757 861 782 907 1.
807 842 940 908 Gaudia
956 844 1053 909 nobis
1069 845 1184 928 opima

754 956 783 1005 2.
805 939 964 1004 Aetheris
981 961 1113 1025 semper
1128 943 1284 1006 condona
1298 963 1306 1021 ;

754 1087 780 1152 3.
806 1070 910 1136 Cuius
925 1071 1053 1156 inclyta
1068 1093 1127 1156 per
1142 1074 1258 1138 orbem
1276 1075 1358 1152 iura,

751 1185 780 1246 4.
806 1169 985 1232 Potentum
997 1169 1276 1252 sceptrasubiicis
1289 1171 1370 1249 sera,

755 1312 780 1377 5.
805 1297 915 1381 Quem
937 1318 1025 1363 nunc
1044 1319 1206 1363 venerans
1227 1301 1280 1384 pie
1296 1321 1364 1364 vox
1382 1311 1496 1365 nostra

751 1396 779 1458 6.
805 1394 903 1459 Celsa
917 1394 1071 1460 cantibus
1086 1396 1196 1460 reddit
1212 1407 1379 1462 neumata.

752 1539 780 1604 7.
805 1523 945 1606 Suspre
957 1545 1068 1603 sonos,
1084 1526 1263 1608 poscimus,
1280 1535 1421 1606 nostros,

753 1623 781 1684 8.
805 1619 900 1704 Quos
916 1620 976 1684 tibi
990 1631 1070 1686 voto
1089 1623 1210 1686 cecinit
1226 1622 1345 1687 cohors
1360 1645 1367 1702 ;

752 1767 780 1832 9.
807 1749 851 1814 Et
867 1757 926 1814 tuo
950 1751 1098 1815 concede
1117 1750 1242 1834 gaudia
1258 1753 1357 1816 dono.

718 2027 795 2118 158.
828 2025 904 2098 DE
934 2025 1158 2101 SANCTO
1190 2025 1534 2102 LAVRENTIO.

512 2255 537 2302 1.
561 2235 663 2298 Alme

507 2385 534 2431 2.
559 2368 690 2451 Martyr
707 2365 856 2442 Domini,
871 2365 1016 2448 gloriose
1032 2363 1122 2428 enim
1138 2363 1280 2441 athleta,

509 2481 537 2545 3.
562 2463 702 2546 Suscipe
718 2477 832 2546 preces
849 2471 989 2539 nostras,
1006 2481 1084 2525 aure
1101 2460 1342 2543 placatissima,

508 2615 536 2674 4
562 2596 612 2661 Ut
629 2616 814 2659 mereamur
830 2595 950 2676 dignas
967 2593 1027 2657 tibi
1045 2593 1160 2658 laudes
1177 2612 1296 2656 canere
1314 2594 1346 2656 in
1364 2592 1425 2656 hac
1443 2592 1520 2656 aula
1542 2601 1659 2658 sancta

512 2707 537 2772 5.
563 2691 640 2774 Qua
656 2691 756 2755 hodie
772 2692 918 2788 celebrat
934 2699 1056 2754 cuncta
1072 2691 1170 2754 simul
1187 2701 1320 2753 caterva
1336 2699 1395 2752 tua
1409 2689 1595 2766 sollemnia,

509 2829 537 2890 6.
563 2825 630 2910 Qui
646 2847 705 2909 per
721 2825 821 2889 fidem
838 2825 1023 2900 Trinitatis,
1040 2822 1170 2906 [digne]
1188 2821 1394 2904 triumphum
1411 2822 1569 2898 meruisti,
1586 2821 1748 2906 palmam,

508 2940 538 3005 7.
563 2921 607 2987 Et
623 2942 720 3005 prece
736 2931 803 2998 tua,
819 2941 878 3003 per
895 2920 1010 2985 Crucis
1027 2921 1172 3002 signum,
1188 2938 1306 2980 caecos
1323 2917 1539 2980 illuminabas
1554 2939 1561 2995 ;

508 3060 535 3121 8.
561 3055 731 3121 Ecclesiae
747 3056 922 3120 thesauros
938 3055 1005 3118 tuis
1023 3053 1177 3117 manibus
1194 3053 1344 3115 donabas
1358 3076 1365 3134 ;
1382 3051 1416 3114 in
1429 3050 1589 3115 caelestes
1605 3051 1741 3116 thesau-

616 3173 670 3216 ros
688 3153 843 3216 manibus
859 3169 1046 3234 pauperum
1064 3149 1223 3231 portabas
1240 3170 1248 3226 ;

507 3268 537 3330 9.
562 3249 607 3312 Et
623 3248 777 3332 sequenti
804 3248 966 3330 magistro
992 3266 1073 3308 voce
1098 3244 1188 3308 clara
1212 3243 1445 3326 proclamabas
1461 3269 1467 3308 :
1483 3247 1499 3274 “
1517 3241 1594 3326 Quo
1607 3263 1742 3327 progre-

618 3345 715 3422 deris,
731 3353 835 3426 pater,
851 3344 923 3405 sine
939 3341 1017 3419 filio,
1033 3341 1075 3404 ad
1092 3341 1288 3404 victimam?
1306 3339 1322 3365 ’'

494 3497 539 3543 10.
564 3479 594 3544 O
620 3477 718 3541 beate
745 3497 876 3540 summe
902 3487 1028 3560 martyr
1057 3477 1231 3558 Laurenti,
1243 3477 1299 3558 qui
1318 3478 1403 3540 inter
1420 3486 1583 3558 martyres
1599 3477 1744 3560 gloriose

619 3594 748 3655 regnas,

491 3689 536 3736 11.
563 3671 737 3733 Intercede
753 3690 813 3752 pro
830 3678 1019 3734 nostrorum
1036 3670 1185 3745 crimina,
1203 3679 1240 3732 ut
1259 3680 1370 3732 mente
1390 3669 1512 3732 devota
1532 3669 1739 3734 celebremus

618 3766 712 3830 festa.

489 3917 535 3963 12.
560 3899 613 3974 Et,
630 3917 705 3960 cum
723 3897 846 3960 sanctis
869 3897 1035 3974 omnibus,
1061 3917 1248 3960 mereamur
1273 3895 1363 3978 [nos]
1385 3897 1541 3978 gaudere,
1568 3905 1605 3960 ut
1629 3895 1742 3979 dignis

618 3993 771 4075 precibus
788 3992 835 4055 illi
852 4013 912 4056 nos
929 3995 1089 4057 adiuvent
1103 3994 1136 4056 in
1154 3993 1272 4056 saecla.

492 4108 538 4171 13.
564 4089 594 4156 O
613 4089 688 4152 Rex
705 4099 839 4152 aeterne
867 4088 968 4165 Deus,
984 4089 1041 4172 qui
1058 4089 1130 4152 sine
1146 4087 1211 4152 fine
1228 4109 1356 4170 regnas,
1373 4088 1473 4170 iunge
1490 4108 1551 4152 nos
1567 4107 1644 4152 cum
1661 4087 1743 4171 ipsis

620 4184 653 4247 in
668 4183 827 4248 caelestia
843 4204 945 4268 regna
961 4194 1087 4248 sancta.

492 4335 538 4397 14.
562 4314 639 4380 Tibi
661 4314 703 4398 sit
729 4313 846 4398 gloria,
870 4315 927 4399 qui
952 4293 1118 4397 gubernas
1144 4323 1273 4393 cuncta,
1298 4314 1403 4378 maria
1420 4323 1454 4378 et
1470 4334 1559 4392 arva,
1576 4316 1742 4379 montium

617 4429 793 4475 cacumina
810 4433 817 4490 ;

491 4523 538 4590 15.
561 4505 629 4591 Qui
644 4527 680 4571 es
695 4507 782 4571 trina
798 4516 915 4572 sancta
931 4508 1088 4574 maiestas
1110 4515 1256 4586 aeterna,
1283 4507 1358 4570 Tua
1390 4507 1542 4590 potentia
1566 4506 1659 4571 salva
1682 4526 1745 4570 nos

618 4623 678 4688 per
693 4601 834 4668 saecula.

523 4779 733 4831 Manuscrlts.
756 4775 852 4830 Palus
869 4793 875 4830 :
896 4775 968 4831 Bibl.
984 4778 1063 4845 Nat,
1080 4777 1155 4845 1084,
1169 4775 1352 4844 Tropairede
1367 4775 1587 4844 Salat-Martiali,
1603 4775 1745 4844 xi‘siecle,

488 4857 537 4921 D,·
571 4855 808 4924 1118,ldem,F,·
841 4855 1086 4926 1120,ldem,H,·
1121 4857 1196 4923 1138,
1210 4856 1298 4923 ldem,
1312 4855 1345 4910 L.

526 4999 536 5038 1
559 4985 598 5039 Le
611 4984 699 5038 debut
712 4983 748 5038 de
761 4991 835 5038 cette
850 4983 937 5038 Prose
949 4994 991 5038 est
1005 4985 1056 5039 des
1070 4985 1132 5054 plus
1156 4983 1309 5038 restraints.
1344 4986 1367 5038 ll
1390 5001 1420 5038 se
1440 4999 1575 5055 composa
1595 4985 1659 5040 d'un
1682 4987 1742 5040 seul
