4108 5794
569 507 711 558 PROSAE
739 510 942 570 ECCLESIAE
969 515 1268 570 XANCTONENSIS
1495 531 1566 602 243

610 697 626 766 5

392 809 467 896 Qui,
482 809 564 877 dum
582 811 734 877 Caesaris
751 815 875 897 praelia

392 917 609 991 sequerentur
625 909 657 972 in
675 908 795 988 Gallia,

392 1005 468 1068 iussi
486 1013 564 1068 sunt
581 1003 740 1068 sacrificia

390 1097 517 1176 offerre,
532 1109 566 1163 et
582 1100 762 1164 daemonia

390 1196 530 1259 adorare
546 1194 701 1260 crudelia.

391 1290 421 1357 O
439 1291 525 1354 mira
540 1291 704 1374 patientia

391 1387 424 1450 in
441 1387 490 1450 eis
506 1395 539 1450 et
556 1388 716 1469 potentia,

334 1491 337 1494 '
389 1491 578 1566 spectantes
595 1483 637 1547 ad
654 1483 811 1548 caelestia

388 1578 576 1662 despiciunt
592 1580 770 1658 terrestria,

389 1683 551 1757 spernunt
567 1685 745 1758 praecepta
762 1676 861 1758 regia.

606 1803 628 1865 6

392 1929 434 1994 Et
451 1930 658 2013 respondens
676 1929 854 1994 Mauritius

387 2025 442 2109 qui
459 2035 531 2090 erat
547 2025 763 2108 primicerius,

296 2135 299 2140 '
386 2121 474 2186 dixit
491 2123 577 2204 regis
595 2121 775 2188 militibus:
835 2132 840 2140 '

385 2223 402 2250 “
419 2217 512 2284 Sciat
528 2217 652 2282 Caesar
666 2218 820 2301 egregius

337 2389 395 2443 3m
417 2375 574 2445 regnabant
587 2375 762 2431 Xanctonera
829 2421 831 2426 .

340 2467 354 2520 7
368 2473 388 2524 g
417 2465 444 2510 et
457 2455 597 2511 duxerunt
609 2455 647 2510 ad
660 2472 784 2527 superna
798 2455 926 2512 Brr'occn.

982 721 1042 766 nos
1058 724 1131 768 esse
1146 725 1259 774 servos
1277 707 1371 772 Illius

978 800 1034 881 qui
1052 800 1200 883 Virginis
1215 811 1267 867 est
1284 802 1379 872 filius.
1396 806 1413 833 ’¹
1508 867 1511 876 .

1239 956 1259 1021 7

978 1073 1074 1137 Tunc
1091 1073 1243 1140 Caesaris
1259 1078 1389 1145 insania

977 1187 1076 1233 saeva
1092 1171 1197 1235 dictat
1214 1172 1363 1256 imperia,

978 1273 1079 1346 atque
1096 1264 1179 1328 mori
1195 1279 1330 1334 sanctos
1345 1273 1437 1340 iubet

1022 1370 1098 1442 post
1115 1361 1237 1427 Christi
1256 1368 1404 1451 vestigia.

978 1453 1073 1538 Quos
1090 1465 1162 1522 tota
1177 1461 1259 1526 caeli
1276 1465 1368 1529 curia

976 1553 1105 1634 accepit
1121 1573 1197 1618 cum
1215 1555 1344 1624 laetitia
1418 1639 1420 1646 Ι

976 1657 1010 1712 et
1026 1649 1068 1711 ad
1085 1669 1229 1733 superna
1245 1654 1416 1726 duxerunt

1019 1743 1186 1810 caelorum
1203 1749 1338 1831 palatia.
1503 1739 1507 1746 ¹

1237 1887 1256 1950 8

973 2023 1018 2087 Hi
1036 2045 1096 2107 pro
1112 2026 1209 2090 nobis
1226 2028 1448 2110 intercedant,
1500 2063 1503 2071 ·

1016 2133 1050 2184 et
1066 2121 1199 2187 Christo
1215 2125 1259 2189 sit
1274 2124 1383 2208 gloria

1014 2219 1070 2302 qui
1087 2228 1205 2301 regnat
1221 2220 1253 2284 in
1270 2223 1411 2291 saecula.

451 2759 453 2766 ,
528 2683 620 2793 161.Ι
640 2677 714 2752 DE
745 2678 970 2755 SANCTO
1001 2681 1330 2760 FRONTONE.

607 2908 618 2955 1

345 3019 499 3086 Donatur
516 3021 612 3086 miles
629 3021 750 3101 laurea,

344 3137 422 3201 ergo
439 3128 650 3202 perstrepent
665 3138 812 3202 organa:

345 3214 421 3278 Lux
438 3235 594 3298 praesens
610 3217 718 3298 poscit
734 3217 868 3298 gaudia,

344 3318 459 3374 sancta
476 3310 668 3376 ministrans
684 3311 762 3377 otia.

604 3453 622 3501 2

343 3563 521 3630 Absistant
537 3585 656 3629 rancor
671 3575 705 3630 et
722 3566 779 3642 ira,

341 3659 509 3743 pellantur
524 3680 677 3744 quaeque
693 3671 771 3726 sunt
786 3662 858 3726 dira
867 3687 875 3743 ;

343 3755 414 3821 lam
431 3757 474 3820 de
491 3777 620 3820 morum
638 3759 818 3821 concordia

340 3851 446 3916 dulcis
462 3850 544 3916 fluat
559 3851 719 3916 armonia.

1232 2915 1250 2980 3

911 3059 914 3064 ,
969 3017 1000 3084 O
1019 3019 1154 3097 Fronto,
1170 3030 1285 3086 nostra
1300 3022 1416 3105 gloria,

970 3113 1032 3178 hac
1048 3115 1180 3181 laeteris
1196 3118 1410 3200 symphonia,

971 3209 1074 3276 Cuius
1090 3212 1260 3294 praeclara
1277 3232 1415 3279 munera

969 3307 1163 3386 conducant¹
1177 3329 1238 3372 nos
1254 3310 1297 3374 ad
1314 3311 1459 3379 aethera.

1232 3456 1254 3518 4

969 3561 1047 3645 Quo
1063 3572 1178 3628 nostra
1194 3565 1333 3647 plaudat
1349 3586 1493 3631 amoena

967 3681 1043 3725 cum
1061 3672 1253 3727 sanctorum
1269 3664 1439 3729 cantilena

970 3757 1049 3820 Vox
1065 3757 1266 3823 celebrando
1282 3781 1407 3826 corona

969 3852 1067 3917 dulce
1084 3854 1207 3918 melos:
1224 3854 1380 3921 Alleluia.

335 4033 382 4072 aa
412 4017 563 4072 Absistunt
581 4017 756 4071 Xanclonen.
781 4018 820 4072 Le
839 4017 996 4088 subjoncris
1006 4019 1164 4088 pellantur,
1177 4018 1215 4073 du
1235 4019 1342 4074 second
1359 4037 1431 4090 vers,
1446 4024 1559 4092 appelle

298 4099 325 4152 la
338 4097 511 4153 correction:
525 4096 682 4153 Absistant.
715 4114 732 4152 c
764 4098 840 4152 Nam
853 4096 886 4151 X
884 4105 1027 4152 anctorum.

333 4193 380 4243 4ο
410 4177 489 4232 Voce
503 4176 613 4231 brando
632 4177 665 4246 (l)
686 4177 860 4234 Xanctonen.
893 4183 914 4233 d
945 4177 1238 4234 dulcequnctonen.
1262 4181 1315 4235 Les
1336 4180 1410 4236 deux
1429 4181 1557 4238 derniers

299 4273 362 4312 vers
375 4258 411 4311 de
429 4265 504 4312 cette
517 4255 633 4328 strophe
653 4267 717 4312 sont
738 4255 1028 4328 incomprehensibles
1041 4258 1114 4313 dans
1127 4259 1153 4314 le
1169 4257 1268 4315 Missel
1288 4260 1324 4316 de
1338 4261 1459 4318 Saintes.
1477 4263 1559 4318 Nous
1583 4329 1587 4336 ι

297 4335 462 4407 corrigeons
480 4336 718 4407 Voxcelebrando,
733 4354 799 4392 sans
813 4337 872 4394 dtre
885 4337 1023 4394 satisfaits
1036 4337 1072 4394 de
1085 4347 1166 4395 notre
1180 4341 1345 4396 correction.

498 4571 577 4643 162.
610 4566 685 4642 DE
715 4566 1046 4644 §.MART1N0
1077 4568 1359 4647 EPlSCOPO.

326 4809 351 4858 r.
374 4791 405 4858 Ο
422 4791 570 4856 Martine
586 4811 687 4870 sacer,
707 4793 827 4857 merito

289 5003 294 5010 ,
323 4939 351 4987 2.
375 4923 536 4989 Canimus
552 4923 769 4987 devotissime
784 4924 846 4989 tibi
864 4924 896 4988 in
914 4916 994 4988 aula
1007 4924 1068 4989 hac
1086 4945 1146 4990 nos
1163 4927 1321 5004 carmina,

325 5035 352 5100 3.
377 5019 452 5086 Rex
469 5019 637 5086 caelorum
654 5019 925 5086 cathecuminum
944 5019 989 5087 Se
1004 5031 1096 5088 veste
1111 5031 1193 5088 tunc
1210 5022 1366 5090 indutum
1388 5025 1541 5104 laudans,
