4102 5790
604 532 746 582 PROSAE
775 531 979 582 ECCLESIAE
1007 532 1301 583 HERFORDENSIS
1512 533 1581 606 147

320 711 365 780 qui
379 711 419 766 sic
433 711 470 764 D.
484 711 528 764 M.
542 711 585 764 R2.
605 709 645 764 1³.
664 709 704 763 D.
715 709 745 763 U.
764 709 801 762 X.
816 709 879 764 LB.
896 709 958 762 ΘΑ.
975 709 1031 762 CB.
1047 709 1124 764 CCC.
1149 710 1310 765 Cluniacen.
1342 729 1416 766 nunc
1437 712 1521 767 fortia
1539 715 1578 767 K.

321 791 480 845 Cluniacen.
507 801 566 844 tam
580 789 665 843 sortia
681 789 707 842 T
708 796 725 846 ³.
743 789 782 841 Tl.
797 789 857 842 LB.

353 871 446 924 8Hic
459 871 496 924 ad
510 871 547 924 A.
561 869 672 923 Eduen.
706 869 763 922 Sed
776 868 813 921 ad
829 869 860 922 G.
891 867 1016 923 rediltR.
1048 869 1140 923 reddit
1155 870 1330 924 A.B.1).E.
1343 871 1378 925 F.
1391 871 1433 925 M.
1466 883 1578 927 contur-

319 950 479 1014 rnalllLC.
504 967 538 1003 ac
551 947 652 1002 timida
665 948 727 1001 LD.
753 947 966 1002 tumidaA.²l¹“.
985 948 1016 1002 11.
1040 949 1167 1003 refovent
1185 950 1211 1002 Τ
1213 956 1229 1002 ³.
1255 961 1388 1004 resonent
1401 951 1437 1004 X.

352 1045 369 1098 9
387 1029 549 1099 flagitamus
558 1029 586 1082 Α
590 1068 595 1081 .
607 1028 643 1082 E.
656 1028 688 1081 G.
700 1027 739 1081 H.
755 1027 788 1082 U.
799 1027 835 1080 X.
847 1026 924 1081 CCC.
938 1028 1046 1082 Eduen.
1059 1029 1220 1082 Cluniacen.
1243 1029 1423 1098 flagitaemus
1433 1030 1580 1100 lachange

320 1127 354 1164 en
368 1113 412 1170 ae)
422 1108 479 1164 LC.
494 1107 556 1162 ΟΑ.
582 1123 652 1161 voce
665 1107 769 1161 devota
786 1106 882 1160 117³.

339 1205 370 1243 10
389 1187 526 1258 Speciosa
540 1187 632 1241 colere
641 1187 698 1241 LC.
717 1185 925 1256 pretiosuner.
939 1187 965 1238 Τ
963 1191 980 1240 ⁴.
989 1186 1039 1240 OC
1039 1227 1044 1240 .
1055 1187 1117 1242 OD.
1131 1188 1187 1242 CB.
1198 1187 1351 1242 Eboracen.
1363 1190 1579 1244 HENuaasonr.

338 1283 365 1322 11
389 1268 548 1322 Galilaearn
561 1268 609 1320 Αἰ
623 1267 657 1319 Β.
669 1265 706 1320 D.
718 1267 753 1319 E.
765 1266 798 1318 F.
812 1267 844 1318 G.
856 1267 878 1318 I.
889 1266 927 1319 K.
937 1266 979 1319 M.
994 1267 1024 1320 O.
1034 1267 1091 1320 LC.
1103 1267 1264 1322 Cluniacen.
1291 1267 1319 1320 in
1329 1285 1384 1338 qua
1394 1269 1441 1323 Αἱ
1451 1271 1482 1324 B.
1493 1269 1531 1323 D.
1544 1269 1579 1323 E.

319 1349 351 1404 F.
364 1348 396 1402 G.
410 1348 433 1400 I.
444 1347 478 1399 K
478 1387 485 1400 .
495 1347 539 1400 M.
553 1345 584 1400 0.
601 1346 643 1399 1³³.
655 1345 711 1399 LC.
725 1345 836 1398 Educta.
852 1344 1015 1400 Cluniacen.
1041 1345 1069 1398 in
1083 1363 1140 1416 qua
1153 1349 1180 1405 (a
1189 1347 1300 1415 change
1309 1364 1346 1401 en
1355 1351 1398 1408 ael
1412 1347 1473 1402 OA.
1500 1365 1580 1418 prae-

319 1427 426 1496 fulgida
453 1426 495 1480 Τ).
509 1426 570 1479 LB.
584 1425 643 1479 OB.
660 1424 719 1478 CA.
733 1425 924 1478 Sart'sbun'en.
940 1425 1076 1478 Furens,
1113 1443 1164 1495 per
1177 1426 1294 1480 exordia
1311 1428 1351 1481 1¹⁴.
1386 1444 1454 1496 prae
1472 1429 1581 1496 fulgore

319 1508 365 1560 Αἱ
377 1507 410 1561 B.
422 1505 459 1560 D.
470 1506 506 1560 E.
518 1507 550 1560 F.
566 1505 598 1559 G.
611 1505 683 1558 H.I.
694 1505 734 1558 K.
746 1504 788 1557 M
803 1505 835 1558 O.
846 1505 879 1558 P.
891 1505 925 1558 R.
940 1505 972 1558 U.
984 1503 1040 1558 LC.
1059 1505 1170 1559 Eduen.
1195 1505 1357 1560 Clum'ucen.
1393 1509 1532 1562 contuerit
1545 1507 1578 1576 ll)

319 1587 355 1642 D.
381 1585 482 1641 intueri
496 1586 532 1639 X.
554 1601 605 1655 per
617 1583 734 1638 exordia
747 1584 858 1637 Eduen.

355 1707 561 1778 Lapopularite
575 1706 611 1760 de
626 1716 700 1760 cette
715 1708 802 1760 Prose
819 1705 861 1760 lut
879 1705 935 1760 tres
948 1707 1057 1776 grande
1076 1724 1110 1760 au
1129 1708 1319 1776 Moyen-Age,
1333 1717 1442 1762 surtout
1455 1707 1528 1762 dans
1538 1708 1579 1761 les

321 1805 390 1858 pays
404 1787 577 1840 Normands.
603 1787 691 1840 Outre
707 1786 747 1840 les
758 1786 913 1840 nombreux
933 1786 1102 1841 manuscrits
1116 1797 1143 1840 et
1160 1786 1305 1857 imprimes
1318 1787 1388 1841 dont
1402 1804 1473 1840 nous
1491 1803 1579 1841 avons

320 1867 410 1921 releve
427 1867 468 1920 les
482 1863 634 1930 variantes,
647 1884 683 1919 on
698 1877 765 1936 peut
778 1882 882 1920 encore
896 1867 1040 1920 consulter
1053 1867 1093 1920 les
1116 1867 1231 1920 Missels
1251 1867 1287 1920 de
1301 1869 1425 1936 'Bayeurn
1438 1869 1475 1922 de
1490 1869 1580 1920 Bean-

323 1946 389 2014 vais,
403 1946 439 2002 de
452 1947 595 2014 chartres,
609 1929 759 2014 d’livreux,
768 1946 805 2000 de
816 1947 839 1999 F
842 1947 1002 2000 ontevrault
1013 1947 1112 2014 (1604),
1124 1947 1159 2000 de
1169 1946 1270 2000 l'ordre
1280 1946 1331 2000 des
1342 1947 1518 2015 TrinitaireS,
1527 1957 1580 2001 etc.

537 2189 598 2262 97.
627 2168 802 2242 FERIA
831 2169 1048 2242 Tanna
1084 2169 1352 2245 pascuae,

346 2375 368 2422 1.
393 2359 557 2423 Concinat
573 2357 663 2420 orbis
680 2366 820 2420 cunctus
836 2381 843 2420 ε
859 2356 1007 2421 Alleluia
1023 2360 1028 2422 !

343 2502 370 2549 2.
392 2485 500 2562 Votis,
517 2505 606 2563 voce,
623 2485 799 2548 sollemnia

344 2599 369 2662 3.
394 2581 604 2646 Celebrando
620 2579 791 2663 paschalia
807 2602 814 2660 ;

342 2723 370 2784 4.
396 2703 573 2796 insontum
590 2713 706 2768 tenera

347 2814 374 2880 5.
398 2799 619 2882 Congaudeat
635 2810 754 2876 turma,

347 2925 377 2988 6.
401 2923 505 2990 Sacro
521 2922 614 2986 sonte
631 2923 737 3000 nivea,

344 3061 373 3126 7.
396 3045 566 3128 Spernens
583 3046 611 3108 F
614 3044 793 3127 legetontis
810 3044 926 3106 undas.

344 3171 372 3234 8.
395 3169 467 3232 Nos
483 3189 617 3251 quoque
634 3168 731 3230 laxas
747 3177 901 3249 aptemus
918 3163 1017 3228 fibras
1034 3173 1105 3227 arte
1123 3165 1258 3242 musica,

341 3283 370 3345 9.
392 3265 487 3328 Voce
503 3284 625 3328 sonora
642 3262 872 3327 modificantes
890 3261 996 3344 prosis
1013 3269 1182 3338 neumata,

342 3387 400 3451 6a.
424 3386 520 3450 Voce
535 3385 616 3450 satis
632 3384 771 3448 tinnula.

325 3523 371 3570 10.
395 3505 549 3571 Christus
567 3524 712 3586 namque
729 3503 819 3566 mitis
836 3501 946 3564 hostia

326 3619 370 3664 11.
395 3603 422 3664 F
424 3612 519 3664 actus
536 3611 651 3664 nostra
667 3600 711 3662 ob
728 3600 884 3673 remedia,

342 3722 405 3786 6b.
431 3721 546 3786 Crucis
563 3719 700 3803 pertulit
717 3722 839 3802 probra
858 3741 865 3795 ;

327 3861 372 3908 12.
397 3844 442 3906 Et
459 3843 544 3925 iugis
560 3842 641 3905 Vita
659 3860 798 3904 manens
814 3839 916 3902 subiit
933 3837 1080 3913 lethalia,

327 3957 372 4018 13.
397 3938 497 4002 Fellis
513 3959 627 4002 amara
643 3957 762 4020 passus
779 3934 964 4018 praelibare
981 3932 1112 4016 pocula.

324 4079 369 4140 14
395 4060 542 4124 Vulnera
558 4059 638 4120 satis
655 4057 809 4120 toleravit
825 4056 906 4131 dira,
924 4053 1106 4118 transfixus
1123 4053 1226 4115 clavis
1243 4062 1276 4115 et
1293 4052 1411 4114 lancea
1429 4074 1435 4128 ;

326 4171 372 4236 15.
397 4155 452 4222 Sic
468 4155 643 4219 tolerando
661 4152 749 4216 mala
766 4171 884 4234 gerens
901 4159 1024 4226 nostra,
1040 4149 1214 4212 descendit
1231 4149 1273 4210 ad
1292 4149 1358 4210 ima
1376 4157 1510 4212 tartara.

326 4277 371 4339 16.
397 4276 515 4339 Hostis
547 4275 677 4356 antiqui
705 4294 771 4356 quo
801 4271 994 4353 defringens
1024 4290 1127 4346 anna,
1159 4268 1286 4332 revehit
1318 4278 1439 4350 potens
1470 4267 1584 4351 ampla

451 4371 585 4435 ovando
609 4369 771 4452 trophaea
788 4390 795 4447 ;

325 4483 368 4548 17.
394 4468 526 4550 Sicque,
541 4467 674 4529 devicta
698 4475 806 4528 morte
831 4484 869 4527 ac
897 4471 1068 4543 resumpta
1089 4480 1197 4536 carne,
1225 4461 1366 4542 resurgit
1391 4461 1506 4536 victor,
1530 4459 1585 4523 die

452 4563 622 4626 hodierna.

328 4679 373 4740 18.
396 4677 499 4742 Unde
515 4676 581 4740 iarn
600 4675 760 4740 iocundas
778 4673 848 4755 Ipsi
865 4691 1025 4734 canamus
1042 4669 1134 4744 odaS,

330 4790 374 4853 19.
398 4775 460 4837 Per
475 4793 575 4856 quern
594 4771 692 4835 nobis
709 4770 778 4832 vita
796 4769 880 4832 redit
897 4777 1043 4843 aeterna,

328 4911 373 4958 20.
399 4896 442 4959 Et
458 4895 541 4959 caeli
558 4894 648 4957 clara
665 4891 763 4955 nobis
781 4890 926 4973 patescit
942 4888 1020 4951 aula
1036 4909 1043 4966 ;

330 5033 376 5079 21.
401 5018 462 5084 Cui
480 5019 524 5080 sit
541 5017 612 5078 laus
628 5015 811 5098 praeclara.
