4102 5790
576 547 721 601 mosas
747 545 952 598 accnssrns
979 542 1302 598 noraonansnms
1502 519 1570 615 185

348 733 557 786 Manusorlts.
592 726 688 780 Panis
701 743 708 781 r
723 724 795 780 Bibl.
811 725 888 793 Nat,
902 723 962 792 863,
976 722 1078 780 Missel
1090 722 1127 778 de
1138 723 1248 792 Rouen,
1261 729 1308 776 κγ’
1320 719 1415 790 siecle,
1435 721 1476 786 V,·
1505 729 1569 790 905,

314 809 435 865 Graduel
449 809 485 866 de
499 809 609 875 Rouen,
623 812 671 862 κν*
684 805 777 875 siecle,
792 805 840 871 X,·
873 817 966 874 17317,
981 803 1081 858 Missel
1095 803 1131 859 de
1145 804 1253 867 Rouen,
1267 811 1313 858 xv⁰
1326 801 1420 874 siecle,
1433 802 1467 858 Z.

352 944 394 987 to
425 927 554 1000 praemia
568 924 770 997 Rolhomagen.

349 1024 395 1077 3a
427 1006 569 1062 UndeZ.

348 1093 393 1154 41
422 1103 494 1158 opus
507 1085 570 1140 cicli
588 1086 625 1142 X.

350 1168 401 1223 61>
431 1183 547 1222 caecam
568 1166 639 1222 V.Z.

337 1248 338 1252 ’
352 1262 366 1315 7
379 1265 397 1302 o
427 1263 490 1303 sese
503 1244 579 1315 cogit
592 1245 797 1314 Rothomagen.

352 1342 400 1398 oa
414 1332 435 1382 b
465 1325 586 1382 vincit...
601 1324 705 1381 evincit
725 1325 753 1380 V.
767 1325 801 1380 Z.
827 1329 842 1378 t
868 1325 933 1380 lesu
947 1324 987 1380 X.

537 1604 615 1675 126.
649 1598 725 1672 DE
754 1597 823 1673 SS.
846 1597 1068 1674 SIMONE
1100 1595 1173 1671 ET
1206 1594 1351 1670 IVDA.

347 1846 370 1894 1.
394 1829 433 1892 ln
451 1847 587 1891 omnem

342 1975 369 2026 2.
392 1959 531 2022 Terram
549 1958 624 2022 Deo
640 1957 712 2022 laus
728 1967 886 2040 personet
901 1956 1095 2022 dulcissima
1111 1979 1118 2036 ;

342 2071 369 2136 3.
392 2053 498 2120 Astra
513 2053 666 2136 polorum
684 2053 824 2120 iubilent
840 2054 1040 2138 praeconia;

274 2245 279 2253 .
341 2208 369 2270 4
392 2189 497 2254 Terra
512 2188 611 2253 simul
628 2197 717 2272 agat,
733 2198 835 2272 atque
851 2188 935 2254 freta
951 2189 1132 2254 concinant
1147 2191 1228 2252 voce
1245 2208 1303 2252 sua
1321 2208 1328 2265 ;

332 2285 334 2290 ’
344 2300 372 2368 5.
395 2285 493 2350 Plebs
510 2294 543 2351 et
559 2284 707 2352 fidelium
725 2285 847 2370 psallat
866 2285 906 2350 Ei
923 2286 1080 2350 carminis
1096 2285 1253 2368 prosodia
1269 2306 1276 2363 ;

343 2421 372 2486 6.
395 2420 546 2485 Verbum
563 2421 654 2502 quod
673 2419 779 2486 Suum
796 2439 930 2484 carnem
947 2419 1018 2484 fore
1033 2419 1159 2498 volens,
1173 2417 1310 2501 virginis
1326 2417 1454 2501 gremia

344 2533 373 2600 7.
397 2517 550 2583 Sacravit
567 2516 648 2596 Sibi,
665 2526 832 2600 quatenus
847 2516 1000 2600 gigneret
1017 2515 1195 2581 Creantem
1212 2514 1327 2579 omnia
1342 2535 1349 2594 ;

345 2649 374 2712 8.
397 2645 464 2730 Qui
481 2646 682 2729 periclitanti
703 2645 830 2731 populo
856 2645 938 2710 lucis
962 2655 1118 2711 aeternae
1142 2645 1370 2728 cognitionem
1393 2651 1579 2709 monstrare

452 2743 556 2826 digne
571 2742 702 2819 debeat,
1192 2768 1196 2776 ¹

343 2857 371 2926 9.
395 2837 449 2906 Ac
465 2839 563 2924 primi
579 2839 727 2924 parentis
748 2838 886 2920 facinus,
911 2839 1042 2906 macula
1067 2840 1163 2906 naevi
1187 2860 1303 2906 carens
1330 2838 1455 2923 expiet,
1482 2845 1581 2902 natus

452 2935 528 3002 alvo
543 2935 702 3020 virginea.

327 3083 371 3133 10.
395 3066 495 3145 Nam,
512 3074 588 3150 post
604 3065 700 3149 plura
716 3065 876 3131 virtutum
893 3086 1025 3150 genera,
1041 3067 1143 3133 subiit
1156 3076 1308 3145 mortem,
1318 3063 1583 3148 triumphaturus

453 3182 539 3240 eam,

327 3275 372 3324 11.
395 3258 458 3338 Ac,
474 3259 592 3342 spiritu
608 3259 699 3338 dato,
715 3267 860 3324 tartarea
876 3261 1069 3340 momordit,
1084 3261 1170 3326 sicut
1185 3259 1275 3325 dixit
1298 3267 1377 3323 ante
1393 3257 1558 3342 propheta
1575 3277 1583 3334 ;

329 3405 373 3454 12.
399 3389 564 3472 Hincque,
580 3390 695 3453 vivens
712 3389 837 3469 lucifer,
852 3389 984 3455 tumulo
999 3391 1153 3470 surrexit,
1169 3391 1224 3454 die
1240 3390 1348 3468 tertia,

329 3503 373 3567 13.
396 3487 608 3550 Ascensurus
623 3485 792 3552 caelorum
809 3487 965 3566 culmina,
981 3487 1061 3552 solis
1077 3496 1197 3570 quater
1214 3496 1289 3570 post
1304 3485 1449 3549 decadas
1466 3505 1473 3561 ;

329 3635 374 3698 14.
398 3617 467 3684 Ubi
485 3619 596 3682 Iudex
618 3619 722 3696 sedet,
737 3619 780 3683 ad
799 3620 905 3684 Patris
922 3621 1108 3697 dexteram,
1124 3639 1200 3684 cum
1219 3619 1323 3686 Sacro
1341 3619 1448 3697 Flatu,
1474 3618 1583 3682 Trini-

454 3723 507 3778 tas
523 3733 600 3792 una,

329 3824 375 3892 15.
397 3810 498 3895 Quod
518 3811 551 3874 in
569 3809 781 3876 alumnorum
796 3821 969 3895 gratanter
983 3821 1120 3896 pectora
1136 3813 1277 3890 suderat,
1293 3813 1325 3877 in
1343 3813 1398 3878 die
1413 3811 1583 3878 hodierna.

330 3951 376 4021 16.
400 3947 502 4014 Unde
518 3947 700 4030 psallentes
717 3969 873 4031 rogemus
890 3969 966 4028 una,

329 4059 375 4126 17.
401 4045 518 4110 Mento
533 4064 616 4128 pura
632 4064 672 4110 ac
687 4065 769 4112 voce
785 4065 942 4125 consona,

331 4177 376 4243 18.
400 4175 477 4262 Quo
493 4196 555 4240 nos
571 4187 664 4261 regat
680 4199 719 4243 ac
735 4188 900 4264 protegat,
916 4188 1032 4258 servet,
1044 4178 1244 4264 magnificet,
1260 4186 1361 4264 atque
1377 4177 1484 4262 gloria
1499 4176 1584 4241 ditet

456 4275 489 4338 in
506 4275 719 4358 sempiterna.
1470 4281 1474 4288 '

332 4389 377 4451 19.
401 4370 451 4438 Ut
466 4379 636 4436 consortes
662 4393 849 4438 mereamur
871 4383 1063 4439 sanctorum
1089 4374 1207 4439 ovibus
1233 4374 1321 4438 necti
1345 4371 1482 4455 superis,
1499 4371 1586 4435 inter

457 4487 541 4549 quos
558 4467 720 4532 mirabilis

329 4608 381 4660 20.
405 4595 547 4673 Emicat,
564 4597 654 4674 vivit,
671 4608 788 4682 regnat
805 4600 837 4662 in
855 4599 996 4664 saecula.

362 4767 571 4818 Manusorlts.
588 4765 701 4821 Parus:
717 4767 788 4822 Bibl.
805 4768 882 4835 Nat,
894 4783 956 4836 904,
972 4769 1072 4823 Missel
1087 4767 1123 4822 de
1139 4769 1248 4835 Rouen,
1262 4766 1320 4821 xive
1330 4767 1423 4834 siecle,
1443 4765 1474 4833 U,
1491 4763 1520 4819 U
1521 4771 1535 4832 ¹,
1551 4763 1589 4830 (la

331 4841 417 4896 Prose
429 4842 469 4910 s'y
481 4841 513 4896 lit
526 4842 599 4898 deux
613 4845 699 4913 lois);
728 4845 789 4916 863,
806 4846 894 4915 Idem,
908 4849 1057 4917 xv‘siecle,
1084 4849 1125 4912 V,·
1155 4859 1216 4916 905,
1231 4847 1356 4901 Graduel
1369 4847 1406 4901 de
1420 4849 1529 4911 Rouen,
1542 4851 1591 4897 rore

331 4919 484 4988 silcle,X,·
517 4935 610 4991 17317,
627 4925 726 4980 Missel
740 4927 775 4981 de
790 4927 899 4996 Rosea,
912 4937 959 4983 xve
970 4929 1064 4996 siecle,
1078 4929 1111 4983 Z.
1139 4926 1212 4982 Bibl.
1225 4928 1253 4981 S.
1264 4925 1590 4994 Genevieve,l²BBL7,

330 4999 487 5068 xiii⁸siecle,
508 5001 551 5056 R².
585 5005 703 5061 Rarms:
731 5007 804 5062 Bibl.
831 5005 867 5062 de
891 5007 919 5062 la
943 5009 1027 5076 Vitre,
1052 5007 1178 5062 Graduel
1200 5007 1238 5061 du
1260 5006 1422 5062 monastero
1444 5004 1588 5061 deSaint·

332 5079 456 5151 Thierry‚
467 5097 531 5136 vers
544 5095 620 5153 1200,
629 5085 693 5140 RA.
726 5088 896 5144 LONDRES:
917 5089 991 5144 Mus.
1003 5088 1082 5158 Brit,
1096 5088 1144 5142 8C
1158 5099 1229 5156 xm,
1241 5087 1291 5141 xii⁰
1301 5086 1394 5157 siecle,
1408 5085 1466 5141 Le.
