4094 5796
616 500 758 552 PROSAE
785 503 988 556 ECCLESIAE
1015 505 1307 576 ANDEGAVENSIS
1537 519 1586 590 49

619 693 654 758 15
1108 685 1164 750 Sic
1181 688 1286 751 adivit

1106 784 1198 864 quod
1215 785 1352 867 cupivit,

1063 880 1238 945 beatorum
1256 885 1411 966 patriam,

389 819 456 885 Ubi
473 820 555 884 nihil
572 821 609 886 fit
625 828 802 890 tormentis

386 925 496 982 tentat
512 937 589 982 eum
607 919 848 986 blandimentis

516 1015 711 1097 Dacianus;
1251 1057 1290 1122 19

387 1109 453 1176 Sed
472 1131 539 1174 non
558 1114 666 1195 magis
679 1113 919 1181 blandimentis

385 1218 570 1290 superatur,
586 1230 688 1292 quam
705 1214 882 1277 tormentis
1060 1194 1204 1279 Angelis
1220 1200 1446 1280 diffidentibus

513 1305 733 1373 Christianus,
1038 1379 1045 1392 Ι
1058 1303 1092 1354 et
1108 1291 1384 1361 benedicentibus

1058 1386 1230 1452 Christum
1249 1391 1378 1474 Regem
1395 1395 1532 1478 gloriae,

615 1454 654 1516 16
1058 1481 1125 1565 Qui
1142 1484 1206 1546 sibi
1223 1485 1406 1570 Georgium

385 1591 461 1655 Hoc
477 1603 594 1657 orante
612 1595 822 1670 Christicola,
1060 1590 1239 1663 martyrem
1257 1588 1429 1670 egregium

383 1708 467 1766 araS,
484 1689 649 1771 templum
667 1701 700 1754 et
717 1693 817 1770 idola,
1059 1679 1200 1742 SOCiiWst
1215 1679 1325 1747 hOdie·

382 1783 427 1847 Et
443 1786 635 1848 sacerdotes
652 1787 788 1869 insuper
1244 1851 1287 1898 20

381 1879 469 1962 ignis
484 1883 695 1966 consumpsit
711 1884 865 1968 desuper.

992 1975 1023 2040 O
1042 1974 1176 2059 Georgi,
1194 1978 1289 2042 miles
1305 1984 1448 2064 egregie,

613 2044 651 2110 ¹7
989 2071 1069 2134 audi
1085 2093 1201 2154 preces
1217 2086 1296 2138 tuae
1312 2075 1460 2144 familiae

382 2175 476 2240 Furit
491 2196 572 2259 ergo
589 2177 770 2257 Decianus,
1185 2171 1240 2234 dfe
1257 2172 1329 2237 isla·

379 2280 514 2358 torquet
529 2293 596 2351 053,
613 2275 700 2338 fodit
718 2295 857 2354 manus;
990 2262 1122 2328 Nenos
1139 2277 1268 2349 mergat
1284 2267 1376 2332 lacus
1393 2271 1554 2354 miseriae,

380 2366 550 2450 Agonista
567 2369 767 2434 iocundam
813 2399 817 2408 .
989 2370 1091 2432 posce
1108 2353 1242 2418 Patrem
1260 2355 1507 2426 misericordiae

380 2473 413 2528 et
429 2464 462 2527 in
480 2463 615 2530 Christo
630 2466 798 2550 gloriatur.
1184 2451 1239 2514 die
1255 2452 1328 2518 ista·

613 2618 650 2680 18
1241 2634 1279 2682 21

490 2759 605 2822 Iussus
621 2761 758 2824 tandem
989 2765 1058 2831 Sed
1075 2766 1248 2844 laetemur,
1264 2767 1379 2833 Solem
1397 2772 1544 2837 iustitiae

488 2855 667 2938 capitalem
988 2863 1259 2945 contemplantes
1274 2873 1385 2929 tecum
1403 2867 1436 2931 in
1450 2870 1564 2952 requie

445 2949 556 3013 subire
572 2951 785 3030 sententiam,
1150 2951 1363 3034 sempiterna.

351 3131 546 3182 Manuscrlt.
569 3127 666 3182 Palus
678 3145 684 3181 ε
696 3126 772 3182 Bibl.
788 3127 864 3196 Nat,
881 3125 956 3194 1098,
970 3123 1027 3180 >rive
1039 3123 1135 3194 siecle,
1154 3126 1185 3180 Υ.

351 3211 400 3276 sd
432 3205 623 3276 compellente
636 3207 707 3261 mira
729 3207 916 3278 Andegaven.

351 3285 402 3340 8b
432 3285 508 3340 acris
532 3287 563 3340 Y.

336 3370 400 3420 nb
432 3365 593 3421 Daciauica
607 3366 791 3437 Andagaven.

332 3459 365 3500 20
378 3462 398 3502 a
429 3444 531 3501 eximie
549 3445 735 3517 Andegaven.

608 3679 665 3749 32.
698 3655 774 3728 DE
805 3655 1030 3730 sancto
1062 3655 1268 3730 trunco.

340 3889 363 3937 1.
388 3871 565 3955 Organicis
581 3891 742 3935 canamus
759 3872 904 3935 modulis
923 3871 1025 3954 [nunc
1044 3871 1219 3956 Iohannis]
1237 3871 1413 3937 sollemnia

337 3985 364 4034 2.
388 3969 590 4051 Omnigenis
607 3967 757 4032 Domino
773 3969 910 4032 vocibus
927 3968 1106 4032 reddentes
1122 3968 1206 4031 odas
1222 3969 1363 4033 debitas.

336 4104 363 4170 3.
387 4087 522 4172 Quique
539 4089 571 4151 in
589 4090 657 4152 suis
671 4089 795 4153 sanctis
812 4088 973 4151 mirabilis
990 4089 1099 4166 nimis,
1116 4089 1292 4172 multiplici
1309 4090 1470 4154 virtutum
1489 4089 1569 4154 flore

430 4185 567 4249 eosdem
584 4186 776 4248 decoratae
794 4182 931 4248 mirifice
948 4186 1100 4249 adornat.

333 4297 361 4358 4
386 4280 476 4344 Nam
493 4290 527 4344 et
542 4281 575 4345 in
599 4282 687 4364 ipsis,
703 4281 798 4362 quasi
821 4280 1023 4364 quibusdam
1049 4281 1184 4344 musicis
1208 4281 1448 4357 instrumentis,
1461 4283 1570 4363 digito

430 4378 566 4460 proprio
583 4375 665 4440 fides
681 4377 797 4459 agitat,
814 4375 896 4440 fides
912 4380 1074 4440 virtutum
1091 4396 1239 4441 sonoras.

334 4511 359 4577 5.
387 4500 461 4563 Has
488 4519 665 4563 numerose
681 4518 885 4581 percurrens,
908 4499 1040 4581 singula
1068 4501 1246 4580 permiscet
1273 4497 1424 4581 singulis,
1444 4500 1569 4564 diates·

427 4615 525 4658 saron
544 4595 737 4659 mellifluam
756 4595 946 4674 melodiam,

333 4684 361 4748 6.
385 4681 498 4766 Quam
515 4693 654 4766 generat
669 4683 830 4746 virtutum
853 4691 959 4746 mater
981 4682 1047 4760 illa,
1064 4702 1150 4766 quae
1166 4682 1240 4745 aliis
1256 4682 1416 4746 decenter
1433 4701 1571 4766 compo·

428 4779 502 4856 sita,
519 4779 628 4841 reddit
645 4799 781 4842 suavem
799 4776 1048 4861 symphoniam.

334 4911 361 4974 7.
385 4897 462 4982 Qua
478 4901 550 4963 sine
566 4908 686 4962 cuncta
704 4897 788 4964 fiunt
804 4899 950 4974 dissona,
967 4917 1027 4961 nec
1044 4917 1110 4960 non
1128 4907 1161 4960 et
1181 4896 1309 4961 frivola.

334 4993 361 5058 8.
385 4993 539 5077 Quacum
557 4994 673 5057 omnia
690 4992 772 5059 fiunt
790 5013 949 5071 consona,
966 5013 1027 5056 nec
1044 5013 1111 5056 non
1128 4993 1231 5057 utilia.
