4116 5784
596 521 738 575 raosna
765 519 968 572 accassma
994 517 1129 570 snucrr
1157 515 1331 568 mouusn
1518 497 1593 586 361¹

635 718 658 780 4
1266 696 1288 757 6

508 839 562 903 Tu
579 836 723 902 iocunda
1138 833 1169 898 O
1186 832 1317 896 virtutis

509 953 561 998 res
576 941 609 996 et
626 950 749 1008 recens,
1137 928 1189 991 vis
1205 936 1239 990 et
1255 927 1332 1003 vita,

509 1047 640 1093 summe
656 1027 790 1103 munda,
1138 1043 1215 1106 spes
1231 1020 1355 1098 salutis,

510 1142 641 1188 summe
655 1123 787 1200 decens,
1096 1131 1099 1140 ·
1139 1139 1200 1182 nos
1217 1119 1320 1182 invita

409 1221 546 1285 ¹summi
564 1220 667 1302 Regis
688 1218 780 1299 regia
795 1237 802 1294 ;
1008 1224 1044 1278 ut
1060 1224 1171 1279 tecum
1190 1214 1272 1278 caeli
1288 1213 1441 1278 thalamo

513 1314 691 1380 Summum
708 1312 799 1395 paris
1011 1311 1159 1374 fruamur
1174 1309 1264 1374 dulci
1281 1309 1441 1373 balsamo,

510 1429 642 1475 summa
657 1428 787 1492 parens,
1271 1455 1290 1520 7

511 1525 632 1590 expers
648 1505 736 1588 paris

1147 1571 1217 1633 Ros
1234 1581 1267 1636 et
1284 1589 1360 1634 rosa

1137 1665 1292 1747 gloriosa,

1058 1759 1173 1837 dulcis,
1190 1760 1348 1843 fragrans,
1364 1759 1516 1843 primula,

647 1829 662 1896 5
1148 1856 1217 1922 Mel
1233 1867 1267 1921 et
1284 1858 1399 1936 melos,

515 1928 568 1992 Tu
586 1927 706 1992 lacuna
1146 1953 1257 2036 pande
1274 1953 1385 2017 caelos

516 2023 718 2100 documenti,
1060 2049 1157 2112 nobis
1173 2069 1273 2132 prece
1288 2048 1411 2112 sedula.

517 2119 566 2183 sol
583 2129 617 2184 et
633 2118 712 2182 luna

518 2215 730 2292 firmamenti,
1277 2189 1296 2251 8

516 2321 707 2397 opportuna
1104 2314 1224 2391 Corda,
1241 2315 1371 2396 linguas

519 2407 633 2472 firmae
649 2409 753 2472 menti
1103 2409 1149 2472 sic
1166 2411 1337 2487 instaures,

432 2506 503 2569 dux
520 2513 554 2569 et
570 2503 629 2566 lux
646 2503 792 2568 laetitiae
808 2526 815 2581 ;
1103 2516 1140 2571 ut
1156 2526 1218 2570 nos
1234 2507 1376 2590 pinguas

523 2598 646 2664 Schola
662 2618 802 2677 morum,
1107 2612 1141 2666 et
1156 2603 1292 2668 decores

520 2715 617 2761 mons
633 2695 754 2773 odoris,
1062 2698 1248 2764 honestatis
1261 2699 1408 2764 moribus
1424 2720 1431 2776 ;

521 2793 581 2856 sax
598 2811 760 2870 amorum,
1109 2794 1158 2859 Ut
1176 2796 1232 2878 qui
1248 2797 1368 2859 damus

524 2889 597 2953 fons
613 2887 767 2966 dulcoris,
1108 2891 1168 2954 tibi
1186 2891 1300 2954 laudes

523 2987 623 3050 decor
640 2983 768 3060 florum,
1108 2987 1315 3068 gaudeamus

523 3080 585 3144 flos
600 3079 738 3156 decoris,
1109 3081 1165 3144 ubi
1182 3083 1308 3163 gaudes

435 3175 552 3240 foedus
568 3176 744 3240 amicitiae.
1065 3175 1147 3239 caeli
1164 3177 1272 3240 cincta
1289 3176 1433 3242 floribus

512 1625 643 1670 summe
659 1622 779 1686 parens

427 1721 556 1767 summe
664 1699 807 1782 egregia.

369 3382 583 3511 ΙΜειὲηιιιεφὲῑ.
606 3377 722 3432 Pnars:
743 3375 992 3445 Bibl.Nat.,1107‚
1017 3376 1117 3431 Missel
1139 3375 1175 3431 de
1198 3375 1327 3447 l’abbaye
1349 3378 1386 3432 de
1406 3377 1609 3446 Saint·Denys,

349 3463 408 3510 xive
416 3457 439 3510 si
458 3473 510 3526 ce,
561 3497 568 3511 .

387 3643 404 3694 4
425 3629 479 3684 Les
494 3629 567 3684 deux
580 3629 706 3684 derniers
716 3645 780 3684 vers
794 3629 830 3684 de
838 3638 912 3685 cette
925 3631 1041 3701 strophe
1053 3640 1118 3686 sont
1132 3646 1306 3701 corrompus.

389 3709 429 3762 81
461 3708 508 3765 ubi
523 3709 623 3765 laudes
635 3709 679 3764 M.

662 4103 743 4173 252.
777 4080 850 4152 ua
885 4079 1070 4154 asara
1102 4079 1297 4152 unam.

663 4364 673 4410 l
1291 4365 1308 4410 2

398 4496 508 4560 Mollis
523 4497 621 4574 stilla,
638 4500 739 4562 maris
758 4498 865 4576 stella,
1031 4500 1139 4581 Virgo
1154 4519 1275 4582 parens
1291 4519 1408 4562 exsors
1423 4499 1524 4582 paris,

397 4592 490 4656 cuius
505 4592 621 4657 dulcor
636 4595 738 4659 vincit
755 4594 865 4672 mella,
1028 4597 1108 4659 dum
1125 4604 1161 4659 tu
1178 4615 1274 4677 pares
1292 4595 1402 4658 Deum
1419 4595 1515 4677 paris,

439 4687 533 4752 cuius
549 4689 709 4772 splendor
723 4691 842 4762 sidera.
1073 4693 1130 4754 sed
1149 4701 1241 4754 veste
1257 4691 1319 4754 sub
1335 4690 1460 4773 altera;

398 4783 490 4848 Caeli
507 4785 608 4862 scala,
625 4785 703 4849 boni
720 4785 843 4864 schola,
1077 4787 1167 4849 Paris
1183 4794 1312 4869 patrem
1330 4784 1407 4864 filia,

351 4923 355 4928 -
398 4878 525 4961 profers
543 4879 669 4958 Solem,
684 4882 781 4964 virgo
797 4882 878 4958 sola,
1076 4901 1176 4964 quem
1194 4881 1405 4945 claudentem
1423 4883 1537 4946 omnia

441 4975 535 5059 virgo
550 4977 608 5040 sed
635 4997 805 5062 puerpera.
1080 4987 1137 5044 tua
1154 4976 1313 5042 claudunt
1330 4978 1464 5042 viscera.
