4102 5792
465 497 538 584 498

770 709 785 774 5

511 823 576 886 Hic
592 823 634 884 de
652 821 726 884 Deo
742 820 955 902 prophetavit

509 917 560 982 cui
578 917 666 980 viam
684 917 895 999 praeparavit

553 1013 702 1075 nascenti
719 1013 761 1076 de
778 1011 921 1092 Virgine
938 1033 944 1087 ;

553 1107 718 1190 Cognitus
738 1109 769 1169 in
788 1106 920 1190 populis

554 1205 665 1267 floruit
682 1202 849 1266 miraculis

554 1311 587 1362 et
603 1300 762 1363 virtutum
780 1300 938 1380 germine.

770 1431 791 1490 6

512 1553 612 1614 Iubar
627 1569 751 1614 novum
769 1548 860 1611 sulsit
877 1547 1004 1610 mundo

508 1667 584 1710 cum
602 1647 644 1710 de
661 1655 775 1709 ventre
792 1662 858 1706 non
878 1641 1020 1704 secundo

552 1741 674 1823 prodiit
692 1739 878 1803 fecunditas
895 1760 901 1812 ;

508 1835 702 1900 Gratulatur
718 1857 799 1917 gens
817 1843 963 1896 remota:

506 1930 612 2014 [nam]
631 1951 691 1993 nec
708 1931 777 1992 eius
795 1929 903 1992 minus
921 1937 1000 1990 nota

551 2049 651 2110 quam
669 2026 792 2091 Christi
810 2026 975 2088 nativitas.

770 2176 788 2236 7

510 2287 628 2353 Mundi
646 2287 790 2350 mundus
806 2285 891 2366 sugit
907 2303 1030 2357 curam,

508 2387 610 2448 vitam
627 2403 729 2465 purus
745 2382 844 2445 duxit
860 2400 977 2462 puram

552 2480 696 2543 mundus
712 2478 803 2541 omni
821 2477 979 2552 crimine,

509 2575 640 2638 Mundo
656 2574 778 2637 timens
795 2571 959 2654 inquinari

509 2691 551 2734 ne
566 2669 618 2734 vel
635 2669 703 2734 vita
720 2667 882 2733 maculari

553 2766 616 2830 levi
632 2775 745 2848 posset
762 2765 894 2828 lamine.

771 2897 789 2956 8

512 3027 578 3090 Hic
595 3028 763 3089 desertum
781 3021 970 3105 praeelegit,

509 3123 554 3186 ibi
571 3121 674 3184 vitam
692 3119 781 3182 solus
798 3119 867 3199 egit

552 3226 636 3281 etse
653 3216 730 3278 lecit
747 3215 922 3277 minimum
938 3234 944 3288 ;

510 3316 561 3377 De
578 3332 645 3394 quo
660 3319 793 3374 constat
809 3329 881 3386 esse
897 3329 1010 3371 verum

510 3412 594 3472 inter
611 3415 707 3470 natos
725 3405 897 3468 mulierum

551 3503 639 3564 hunc
657 3500 756 3562 luisse
773 3501 967 3566 maximum.

768 3645 789 3706 9

510 3751 599 3834 Quia
617 3750 742 3814 mundo
758 3769 793 3810 se
810 3749 984 3811 mundavit

510 3849 637 3928 Regem
656 3844 770 3908 mundi
790 3845 933 3906 mundus
950 3844 1027 3906 lavit

553 3945 584 4006 in
604 3941 756 4004 Iordanis
773 3939 918 4014 flumine,

552 4039 623 4101 Nec
641 4058 701 4120 pro
718 4035 852 4100 Christo
869 4035 975 4097 renuit

443 4185 446 4190 ,
551 4137 678 4216 tingere
694 4153 793 4214 quem
812 4132 931 4194 meruit

550 4251 610 4294 suo
627 4230 710 4309 tingi
727 4227 897 4308 sanguine.

497 4414 512 4452 2
526 4415 545 4452 a
577 4399 662 4450 Hunc
676 4413 729 4449 vox
742 4394 848 4449 emissa
861 4394 1102 4462 Nanneten.1520.

759 517 899 566 PROSAE
930 515 1132 566 ECCLESIAE
1160 513 1430 564 NANNETENSIS

1392 709 1430 756 10

1270 817 1396 880 Gentes
1412 837 1487 880 eum

1270 924 1342 968 esse
1359 905 1470 968 Deum

1270 1000 1491 1078 crediderunt,

1269 1117 1369 1180 quem
1385 1097 1539 1160 viderunt

1182 1213 1254 1255 esse
1272 1194 1387 1256 mundi
1403 1191 1604 1274 lampadem,

1271 1289 1380 1370 Quem
1398 1300 1560 1370 tyrannus

1272 1384 1326 1446 ille
1343 1405 1485 1466 magnus

1270 1481 1515 1556 contemnebat,

1270 1575 1327 1639 sed
1345 1577 1487 1640 timebat

1183 1681 1318 1754 propter
1337 1672 1573 1736 Herodiadem.

1393 1801 1426 1846 11

1140 1887 1336 1951 Sanctitatis
1352 1888 1455 1951 homo
1472 1890 1574 1952 mirae

1138 1983 1205 2064 regi
1224 1983 1340 2046 nolens
1356 1985 1543 2047 consentire

1138 2079 1324 2162 corrigebat
1340 2099 1440 2161 quem
1458 2081 1563 2143 redire

1182 2173 1285 2238 voluit
1302 2195 1321 2237 a
1337 2172 1459 2238 scelere
1474 2197 1481 2252 ;

1140 2271 1223 2333 Inde
1240 2270 1331 2334 locus
1348 2269 1409 2333 fuit
1427 2270 1501 2348 irae,

1137 2387 1247 2449 regem
1265 2367 1343 2430 fecit
1357 2367 1537 2444 obsaevire,

1137 2471 1289 2525 sanctum
1307 2463 1432 2544 sprevit
1448 2473 1480 2526 et
1498 2465 1605 2546 perire

1181 2549 1297 2612 maluit
1315 2567 1414 2631 quarn
1432 2551 1574 2614 credere.

1392 2679 1428 2725 12

1139 2767 1294 2850 Quadam
1312 2767 1366 2830 die
1382 2767 1490 2831 cultor
1507 2769 1584 2832 mali

1138 2881 1199 2925 suo
1214 2862 1339 2944 gaudet
1356 2862 1387 2924 in
1406 2863 1518 2938 natali,

1139 2960 1219 3022 dum
1237 2959 1347 3022 natale
1363 2959 1549 3024 celebratur

1138 3055 1360 3137 praecursoris
1376 3065 1477 3138 caput
1493 3056 1591 3120 datur

1182 3151 1342 3216 saltatrici
1359 3152 1545 3234 praemium
1561 3175 1568 3230 ;

1137 3247 1300 3311 Veritatis
1316 3267 1436 3330 praeco
1452 3248 1561 3312 bonus

1138 3362 1235 3423 quem
1253 3341 1399 3424 suscepit
1417 3341 1479 3405 Dei
1496 3343 1635 3408 thronus

1138 3447 1278 3501 mortem
1296 3436 1385 3500 subit
1400 3439 1591 3520 pretiosam,

1138 3532 1322 3597 decollatur
1338 3543 1371 3596 et
1387 3533 1419 3595 in
1437 3555 1547 3598 rosam

1181 3636 1406 3692 commutatur
1422 3629 1537 3692 lilium.

1392 3759 1427 3822 13

1139 3845 1262 3908 Praeco
1278 3847 1374 3922 bone,
1390 3865 1511 3927 praeco
1528 3845 1662 3923 Christi,

1136 3960 1235 4021 quem
1253 3949 1385 4003 secutus
1402 3939 1609 4021 praecessisti

1137 4045 1172 4098 tu
1190 4057 1251 4117 pro
1268 4035 1363 4098 nobis
1380 4035 1574 4114 intercedas,

1138 4140 1170 4193 et
1187 4132 1297 4192 venire
1315 4151 1375 4192 nos
1391 4132 1556 4194 concedas

1180 4227 1222 4289 ad
1241 4245 1386 4306 perenne
1401 4227 1571 4307 gaudium.

496 4480 513 4532 6
526 4495 543 4530 e
573 4493 639 4531 nam
653 4491 776 4544 manque
790 4474 861 4528 dans
876 4475 1043 4540 Nanneten,
1057 4483 1100 4527 est
1113 4473 1273 4528 necessaire
1286 4490 1321 4528 au
1332 4474 1451 4542 rythme.

497 4559 513 4610 8
526 4574 546 4611 a
578 4554 696 4627 perlegit
709 4553 950 4619 Nanneren.1482.

482 4651 509 4690 11
527 4642 541 4688 r
570 4634 705 4689 obvenire
718 4633 957 4698 Nanmten.r482.
