4102 5790
503 425 571 492 166
777 437 919 488 mosne
947 434 1150 486 acceusme
1178 429 1470 484 nannonnnusrs

534 621 727 673 Manusertt.
753 615 888 668 Oxnonn
901 634 906 670 :
929 613 1094 683 University
1104 613 1185 682 Coll,
1201 611 1300 666 Missel
1313 611 1349 666 de
1373 607 1523 678 Herelord,
1536 623 1600 662 vers
1612 621 1688 677 1390,
1701 610 1759 664 OC.

537 735 619 788 Certe
633 733 720 785 Prose
732 747 751 784 a
760 729 805 783 ete
818 729 911 784 editee
921 747 973 800 par
988 731 1198 782 Hennensou.

535 853 587 914 41>
617 845 692 899 vitae
707 844 762 898 OC.
795 860 812 898 s
844 844 1020 898 Curavemnt
1034 842 1251 896 Hunbnrsou.

536 928 580 981 St
610 926 721 980 dicatus
737 923 792 978 OC.

538 1041 621 1097 Pidce
635 1039 691 1096 tres
705 1039 825 1094 obscure
838 1047 866 1093 et
876 1037 960 1092 d'une
972 1035 1080 1106 grande
1094 1033 1219 1090 subtillte
1232 1033 1420 1104 theologique.

736 1336 814 1404 114.
847 1310 922 1384 DE
952 1309 991 1383 S.
1016 1307 1345 1382 EADMVNDO
1377 1307 1539 1381 REGE.

531 1587 555 1632 1.
579 1565 700 1632 Omnis
717 1563 864 1627 fidelium
884 1561 1034 1624 Ecclesia

525 1681 553 1727 2.
580 1663 750 1727 Christum
767 1659 935 1723 collaudet
951 1659 1014 1720 hac
1030 1657 1085 1721 die
1102 1655 1191 1720 clara
1208 1677 1214 1734 ;

526 1812 552 1874 3.
579 1795 617 1856 In
635 1813 711 1876 qua,
730 1792 889 1872 despecta
905 1799 938 1852 et
954 1789 1083 1851 calcata
1099 1788 1187 1850 vitae
1204 1787 1348 1850 labentis
1363 1787 1480 1868 gloria,

522 1910 552 1970 4.
575 1889 632 1953 Ad
650 1906 867 1971 permansura
884 1884 1070 1948 sublevavit
1088 1903 1200 1964 regem
1219 1883 1458 1947 Eadmundum
1476 1883 1609 1966 gaudia.

526 2035 551 2100 5.
578 2018 645 2081 Hic
662 2034 808 2097 namque
826 2011 1005 2095 magnifica
1021 2023 1120 2076 natus
1137 2034 1181 2076 ex
1199 2013 1364 2094 prosapia,

525 2117 553 2179 6.
579 2110 760 2196 Magnifice
776 2129 920 2192 superna
937 2109 1056 2191 plenus
1071 2110 1159 2172 vixit
1175 2109 1283 2190 gratia
1299 2129 1306 2184 ;

527 2264 555 2327 7.
580 2247 683 2320 Iuste,
701 2251 884 2317 mansuete,
900 2241 943 2304 ab
960 2242 1032 2322 ipsa
1047 2241 1163 2304 vivens
1179 2239 1329 2318 infantia,

530 2347 558 2407 8.
582 2341 717 2406 Christo
733 2339 875 2401 devotus
891 2337 1096 2401 adhaerebat
1112 2357 1172 2419 per
1183 2336 1298 2400 omnia
1312 2357 1320 2415 ;

529 2489 559 2550 9.
584 2471 790 2550 Praepotens
807 2466 839 2530 in
858 2467 993 2544 mund0‚
1010 2469 1181 2530 mundana
1197 2467 1332 2549 sprevit,
1347 2475 1449 2548 atque
1465 2467 1536 2530 sola

513 2584 557 2630 10.
585 2566 668 2628 Fide
683 2564 820 2638 ditatus,
836 2563 1007 2625 ambiebat
1023 2563 1179 2626 caelestia
1196 2585 1203 2640 ;

513 2711 560 2757 11.
585 2693 631 2756 Et
648 2683 817 2754 debellata
833 2689 1035 2773 perfidorum
1053 2691 1192 2768 insania,

511 2806 557 2852 12.
584 2786 681 2850 Felix
698 2787 918 2868 triumphavit
934 2786 1034 2850 hodie
1050 2797 1167 2852 vectus
1183 2788 1225 2850 ad
1244 2795 1332 2850 astra
1349 2807 1357 2865 ;

511 2940 556 3003 13.
582 2919 701 2984 Hostis
717 2920 820 2982 instat
837 2929 873 2981 ut
890 2928 1075 2994 consumat,

510 3037 557 3097 14.
582 3017 676 3080 lesus
693 3015 806 3078 obstat
822 3023 855 3078 et
872 3025 1057 3097 expugnat,

511 3164 558 3228 15.
584 3147 702 3210 Hostis
719 3145 908 3227 prosternit,
925 3165 986 3207 nec
999 3155 1112 3207 tamen
1129 3155 1275 3228 superat,

512 3245 557 3308 16.
583 3244 713 3324 Martyr
730 3241 909 3318 occumbit,
925 3251 959 3304 et
976 3250 1089 3304 tamen
1107 3241 1292 3324 triumphat
1308 3263 1316 3320 ;

512 3391 557 3455 17.
582 3374 613 3438 O
629 3371 831 3453 singularem
848 3371 910 3432 Dei
923 3371 1129 3452 potentiam!
1160 3371 1338 3436 Odivinae
1350 3373 1485 3454 pietatis
1501 3375 1762 3456 praedicandam

637 3467 799 3550 gratiam!
821 3467 871 3528 cui
891 3468 1071 3529 morientes
1088 3468 1204 3530 vivunt
1221 3479 1323 3550 atque
1340 3468 1542 3532 famulantes
1558 3473 1719 3553 regnant!

512 3569 556 3630 18.
582 3564 730 3646 Oquam
757 3562 925 3644 praeclara
952 3563 1011 3623 viri
1035 3564 1194 3626 victoria!
1228 3563 1407 3627 Ovirtutis
1431 3565 1597 3647 gloriosae
1617 3567 1762 3649 gloriosa

637 3659 804 3740 praemia!
839 3658 905 3720 Hic
922 3658 1019 3720 beate
1040 3679 1172 3741 semper
1196 3660 1277 3723 vivit
1301 3671 1403 3742 atque
1420 3663 1509 3724 vitae
1525 3664 1584 3726 dat
1608 3674 1698 3726 certa
1715 3663 1762 3726 in·

638 3755 735 3818 dicia.

511 3897 556 3958 19.
581 3877 693 3958 Caput
710 3875 876 3938 abscisum
894 3877 964 3938 edit
981 3875 1140 3958 loquelas,
1157 3874 1194 3940 fit
1210 3898 1277 3939 vox
1295 3877 1426 3955 virtute,
1443 3899 1508 3941 non
1528 3889 1646 3943 natura
1663 3902 1669 3958 ;

508 3993 557 4038 20.
583 3973 679 4037 Sistit
696 3971 842 4033 latrones
857 3993 864 4048 ;
881 3971 957 4034 huic
975 3972 1063 4035 tollit
1080 3972 1217 4050 lumina,
1235 3972 1280 4034 illi
1298 3975 1452 4037 concedit
1469 3977 1592 4038 amissa
1609 3997 1616 4054 ;

509 4126 558 4170 21.
582 4105 643 4168 Vir
659 4103 741 4166 felix
761 4104 970 4181 Eadmunrle,
988 4106 1038 4168 sac
1057 4126 1127 4182 nos,
1144 4127 1240 4188 prece
1261 4108 1416 4189 benigna,
1441 4110 1509 4171 vita
1533 4108 1595 4172 frui
1619 4119 1764 4173 aeterna.

543 4279 752 4331 Manuscrits.
777 4273 943 4328 LONDRES:
967 4277 1040 4329 illus.
1064 4277 1141 4345 Brit,
1164 4278 1293 4346 Caligula
1314 4283 1415 4349 ΑΚΝ,
1437 4299 1499 4334 vers
1514 4283 1589 4351 1185,
1607 4283 1668 4336 LD.
1704 4285 1764 4336 Ox·

506 4370 607 4412 FORD:
630 4351 795 4420 Unlverslty
823 4353 900 4420 Coll,
930 4354 1028 4408 blissel
1054 4357 1090 4410 de
1107 4357 1257 4426 Hereiord‚
1279 4377 1341 4413 vers
1368 4375 1443 4428 1390,
1459 4361 1514 4414 uC.
1553 4363 1762 4416 Canrlrnrrrcssz

505 4437 578 4491 Bibl.
588 4435 624 4488 de
639 4431 830 4500 l’Universite,
846 4434 1042 4503 Sequentiaire
1051 4437 1087 4490 de
1101 4438 1202 4505 Cerne,
1217 4455 1279 4492 vers
1297 4454 1372 4508 1400,
1383 4440 1440 4494 CB.

541 4570 622 4623 Cette
643 4566 729 4618 Prose
748 4581 766 4617 a
785 4563 830 4619 e‘te
849 4565 941 4620 editee
961 4585 1012 4637 par
1033 4569 1235 4625 Huuuuusou

540 4706 556 4744 2
576 4685 718 4741 collaudat
734 4685 790 4740 CB.
823 4688 985 4743 collaudant
1001 4689 1171 4758 Hersorden.

542 4771 557 4822 8
577 4768 679 4820 devote
693 4765 909 4822 Harpessos.

541 4865 558 4916 9
578 4845 684 4917 spernit
700 4845 756 4900 OC.

529 4943 556 4983 11
580 4925 796 4994 Quadebellata
807 4925 862 4980 OC.
877 4926 1048 4995 Hersorden.
1082 4927 1145 4998 Qua
1158 4939 1186 4984 et
1199 4931 1263 4986 LD.
1276 4932 1331 4986 CB.
