4116 5784
476 522 551 598 370
781 519 925 571 PROSAE
952 518 1154 570 ECCLESIAE
1181 517 1447 571 NARBONENSIS

475 721 525 769 22.
549 703 602 766 De
619 701 724 764 Beata
741 699 848 762 Maria
864 717 922 780 per
938 716 1073 774 annum,
1093 697 1211 760 Prusa:
1255 695 1394 762 Verbum
1422 695 1538 760 bonum
1564 705 1596 761 ct
1625 718 1735 763 suave.

478 903 528 967 23.
552 797 729 948 Delilezaitit
754 881 871 958 Maria,
898 889 1050 963 tempore
1075 879 1237 958 Paschali,
1265 879 1387 944 Prosa:
1431 878 1579 964 Virginei
1600 881 1737 947 Mariae

605 979 718 1044 laudm
732 978 906 1042 concinant.
940 977 1057 1057 K.233.

478 1085 530 1174 24*
552 1093 605 1155 De
621 1089 793 1173 apostolis,
809 1090 935 1153 Prosa:
970 1087 1063 1153 Caeli
1075 1088 1173 1151 solem
1190 1087 1365 1153 imitantes.
1398 1089 1442 1154 K.
1449 1103 1519 1170 371.

478 1204 527 1270 25.
552 1189 605 1252 De
615 1187 837 1270 evangelistis,
851 1186 966 1249 Prosa:
983 1185 1171 1260 secundare,
1175 1185 1266 1266 plebs
1266 1184 1390 1268 fidelis,
1401 1187 1494 1248 cuins
1498 1195 1603 1268 pater.
1621 1187 1740 1267 K.427.

478 1289 527 1351 26.
553 1285 591 1348 ln
609 1283 834 1348 sollemnitate
850 1282 995 1364 plurium
1021 1281 1233 1358 Sanctorum,
1263 1282 1384 1346 Prosa:
1429 1282 1599 1364 Supernae
1620 1284 1741 1346 matris

596 1381 734 1463 gandia.
767 1379 888 1458 K.338.

478 1491 527 1553 27.
553 1477 606 1540 De
621 1477 814 1560 virginibus,
832 1475 957 1538 Prosa:
998 1473 1149 1556 Virgines
1163 1474 1318 1556 egregiae.
1354 1475 1477 1553 K.478.

476 1573 528 1638 28.
552 1573 616 1638 Pro
632 1572 807 1646 defunctis,
825 1571 945 1634 Prosa:
977 1569 1058 1634 Dies
1076 1569 1155 1646 irae,
1168 1569 1239 1632 dies
1254 1569 1320 1634 illa.
1356 1569 1478 1651 K.879.

479 1685 527 1748 29.
553 1668 604 1732 De
622 1669 769 1733 Nomine
786 1666 871 1743 Iesu,
889 1667 1010 1730 Prosa:
1037 1663 1154 1730 Dulcis
1168 1664 1260 1730 lesus
1272 1665 1478 1730 Nazarenus.
1506 1666 1605 1749 K.33,

667 1953 751 2022 260.
783 1947 858 2021 DE
888 1947 960 2024 SS.
986 1942 1149 2020 lVSTO
1181 1947 1253 2020 ET
1285 1947 1551 2022 PASTORE.

786 2185 798 2231 1
1410 2169 1432 2231 6

523 2285 656 2349 Laudes
674 2284 749 2347 Deo
765 2283 994 2366 persolvamus
1148 2283 1205 2348 Ad
1222 2283 1308 2347 hanc
1325 2283 1441 2348 urbem
1458 2285 1508 2348 vir
1523 2285 1660 2349 insanus

566 2380 655 2444 dulci
672 2400 748 2443 cum
766 2379 912 2444 melodia
928 2401 936 2458 ;
1155 2399 1231 2443 cum
1246 2381 1391 2444 venisset
1410 2380 1585 2459 Datianus,

522 2474 686 2538 Indelessi
703 2471 888 2538 recolamus
1194 2479 1353 2558 percepta
1369 2475 1504 2540 licentia

559 2569 641 2632 Eius
659 2568 829 2632 beneficia.
1149 2569 1357 2635 Christianos
1373 2571 1603 2655 persequendi,

782 2687 800 2734 2
1150 2667 1245 2731 iussit
1261 2677 1396 2732 sanctos
1411 2667 1652 2750 comprehendi

522 2776 617 2840 Intus
636 2785 793 2854 mentem,
804 2795 925 2858 corpus
937 2773 1016 2838 loris
1191 2761 1326 2826 trahens
1343 2763 1385 2826 ad
1402 2762 1575 2845 supplicia.

564 2873 764 2936 mundemus
781 2871 958 2954 spurcitia:
1409 2911 1428 2978 7

521 2968 605 3032 Iusti
621 2967 720 3032 simul
736 2977 769 3031 et
783 2967 929 3030 Pastoris

563 3073 641 3128 sunt
654 3063 737 3127 haec
754 3061 915 3128 natalitia.
1017 3069 1021 3076 '

781 3183 799 3248 3

520 3285 631 3369 Quam
648 3285 818 3366 praeclara
833 3283 896 3348 suit
910 3284 1028 3348 horum

563 3382 667 3445 virtus
682 3391 717 3446 et
732 3381 931 3456 constantia,

520 3477 614 3559 Quos
629 3485 792 3558 tyrannus
807 3485 1050 3539 tormentorum

563 3591 630 3635 non
647 3571 726 3634 vicit
739 3571 886 3636 saevitia.

519 3778 594 3842 Deo
610 3776 746 3859 placens
762 3691 931 3854 eiustitisti,

516 3873 600 3939 tales
616 3873 704 3937 viros
720 3892 807 3956 quae
822 3872 928 3935 tulisti

563 3967 719 4050 Hispana
735 3967 905 4050 provincia
920 3987 928 4045 ;

519 4063 609 4128 Urbs
625 4062 844 4145 Complutum
863 4061 944 4126 felix
960 4061 1079 4125 horum

518 4159 579 4222 luit
594 4168 669 4222 ortu
686 4179 864 4241 puerorum

562 4273 693 4317 necnon
710 4263 744 4317 et
756 4252 906 4319 infantia.

519 4463 567 4527 Hi
583 4461 717 4527 suerunt
733 4371 869 4527 enirtriti

516 4567 549 4622 et
565 4579 585 4621 a
601 4559 709 4622 doctis
725 4558 846 4622 eruditi

557 4653 743 4717 litterarum
759 4654 871 4718 studia
886 4675 894 4732 ;

516 4747 563 4810 Hi
579 4767 655 4811 cum
672 4769 796 4830 magna
812 4758 967 4813 curatura

513 4842 702 4908 didicerunt
718 4843 843 4908 Christi
860 4843 931 4908 iura

543 4940 611 5002 .dia
630 4941 720 5023 pleni
741 4941 856 5023 gratia.
968 4995 971 4999 .

1191 3013 1399 3096 Affliguntur
1415 3016 1508 3097 pueri

1193 3111 1330 3176 Datiani
1349 3112 1458 3175 miseri

1191 3207 1271 3270 diris
1288 3207 1488 3270 iussionibus
1505 3229 1513 3286 ;

1192 3302 1452 3365 Tormentorum
1470 3321 1594 3384 genera

1192 3397 1342 3460 membra
1357 3407 1470 3460 terunt
1486 3407 1601 3460 tenera

1191 3493 1271 3556 data
1287 3493 1497 3558 cruciatibus.

1409 3617 1428 3687 8

1194 3747 1377 3822 Pastorem,
1392 3746 1473 3809 dum
1491 3746 1626 3828 patitur,

1195 3841 1306 3904 Iustus
1322 3841 1369 3903 sic
1385 3840 1567 3923 alloquitur

1192 3937 1224 3998 in
1242 3935 1523 3999 cruciaminibus:

1189 4035 1205 4062 “
1224 4031 1350 4105 Pastor,
1366 4030 1394 4093 si
1411 4032 1642 4113 permanseris,

1193 4127 1272 4190 boni
1288 4127 1468 4191 sociaberis

1194 4223 1339 4288 Pastoris
1355 4223 1507 4290 ovilibus.
1523 4225 1539 4251 ”

1408 4367 1429 4429 9

1191 4467 1253 4533 Cui
1272 4469 1391 4532 Pastor
1405 4470 1566 4534 continuo
1586 4495 1593 4534 :

1190 4569 1206 4596 “
1225 4565 1317 4630 Iuste
1334 4565 1444 4643 frater,
1462 4583 1576 4629 annuo

1189 4659 1241 4723 his
1256 4660 1507 4739 assertionibus,

1189 4756 1240 4818 Re
1257 4757 1371 4820 Iustus
1384 4765 1418 4819 et
1434 4757 1571 4820 nomine

1189 4851 1255 4914 iam
1271 4871 1307 4914 es
1318 4852 1350 4914 in
1368 4853 1553 4914 certamine

1186 4945 1309 5030 dignus
1325 4945 1408 5010 caeli
1424 4947 1561 5012 civibus.
1577 4945 1594 4975 ''
1684 4971 1686 4976 ·
