4094 5796
595 577 737 630 rnosnn
763 576 967 628 accursum
992 575 1284 628 nunnonvunsrs
1525 560 1572 646 69

523 763 583 850 46.
615 756 691 832 DE
721 754 946 831 SANCTO
977 754 1357 830 MAGNOBODO.

616 918 629 964 1

397 1023 485 1088 Ecce
499 1023 572 1088 dies
588 1021 728 1087 celebris

398 1120 608 1205 Magnobodi
624 1119 786 1204 praesulis

396 1227 534 1285 renovat
549 1217 737 1284 sollemnia.

613 1365 632 1414 2

397 1465 598 1532 Multisormi
614 1463 740 1548 gaudio

395 1561 511 1626 laudes
527 1561 647 1626 reddat
664 1559 733 1624 filio

398 1667 504 1723 mater
520 1657 744 1741 Andegavia;

397 1753 493 1838 Quae
509 1762 680 1837 pastorem
697 1751 822 1836 genuit,

397 1869 416 1913 a
431 1869 499 1932 quo
515 1849 584 1931 regi
602 1848 723 1912 meruit

397 1952 433 2008 ut
449 1965 470 2008 a
485 1953 581 2027 patre
597 1942 673 2008 filia.

615 2081 633 2145 3

399 2177 465 2242 Hic
481 2185 532 2241 est
547 2195 648 2260 quem
664 2175 827 2241 divinitus

397 2271 523 2355 dogma
540 2271 656 2337 Sancti
674 2271 820 2354 Spiritus

398 2370 480 2435 sovit
496 2369 540 2434 ab
556 2369 706 2434 infantia.

388 2465 476 2552 ¹Non
493 2475 544 2530 est
559 2485 644 2528 onus
661 2465 772 2529 iuveni

398 2562 481 2628 serre
497 2563 612 2645 iugum
631 2561 780 2639 Domini,

398 2658 482 2723 virili
498 2659 699 2736 constantia.

614 2798 637 2860 4

399 2893 514 2958 Pulsat
531 2892 654 2956 famam
672 2891 854 2956 sanctitas:

400 2997 517 3053 notum
534 2987 691 3070 estquod
709 2987 827 3051 civitas

399 3103 500 3167 supra
515 3093 667 3148 montem
683 3083 796 3165 posita

398 3179 457 3243 vix
474 3179 537 3243 erit
553 3178 763 3245 abscondita.

400 3275 539 3359 Ograta
555 3275 681 3358 legatio

400 3390 485 3452 quae
502 3369 629 3435 Sancto
648 3369 780 3433 Licinio

400 3467 442 3530 de
460 3466 616 3531 Romana
631 3467 723 3530 curia

404 3562 499 3628 affert
514 3563 714 3628 sanctuaria.

489 3797 524 3861 A
539 3795 674 3875 lectore,

489 3914 578 3958 novo
595 3913 696 3972 more,

491 3990 627 4057 Christo
642 3991 738 4068 duce,

489 4087 562 4151 sine
579 4085 663 4164 luce,

405 4191 659 4246 consummatur
674 4181 784 4247 lectio.

490 4278 646 4343 Tandem
664 4278 772 4342 clerus
790 4302 797 4342 :

491 4378 507 4407 “
526 4373 594 4438 Hic
610 4383 661 4438 est
677 4393 774 4438 verus
840 4443 845 4451 ,

496 4479 621 4552 pastor,
631 4471 647 4497 ”
664 4469 811 4551 clamat;

491 4566 550 4630 sed
567 4564 731 4631 reclamat

407 4662 549 4728 duorum
566 4663 803 4748 praesumptio.

1244 901 1266 962 6

1113 1019 1176 1084 Vir
1191 1021 1353 1104 probatus
1403 1095 1407 1104 ι

1113 1127 1164 1182 est
1180 1118 1313 1182 duobus

1112 1215 1311 1298 reprobatus
1325 1239 1333 1298 3

1114 1310 1173 1374 sed
1190 1310 1355 1376 ambobus

1030 1408 1145 1472 nocuit
1161 1407 1306 1472 invidia:

1118 1504 1252 1568 Dextro
1268 1503 1395 1568 lumine

1116 1599 1266 1682 privatos

1116 1707 1153 1760 ut
1169 1717 1231 1779 pro
1248 1696 1388 1760 crimine

1116 1793 1298 1856 damnatos

1028 1890 1159 1952 notavit
1175 1887 1323 1952 infamia.

1246 2072 1266 2137 7

1008 2227 1154 2312 Qualem
1171 2237 1288 2312 pastor
1303 2249 1339 2294 se
1354 2229 1495 2314 gerebat

1005 2325 1091 2390 inter
1106 2346 1186 2390 oves
1201 2347 1286 2410 quas
1302 2326 1464 2408 pascebat

1006 2423 1095 2487 vitae
1111 2424 1233 2505 probat
1249 2423 1412 2487 memoria

1007 2537 1066 2600 per
1081 2519 1244 2582 virtutum
1262 2517 1394 2582 indicia.

1009 2613 1164 2676 irrisores
1183 2613 1333 2678 Helisaei

1007 2710 1088 2772 dum
1105 2709 1262 2773 derident
1277 2710 1385 2772 virum
1404 2709 1479 2786 Dei,

1008 2825 1112 2868 unum
1129 2805 1172 2869 de
1188 2805 1287 2869 turba
1303 2806 1424 2869 misera

1009 2901 1108 2966 turbo
1125 2901 1214 2986 rapit
1230 2921 1289 2984 per
1305 2921 1390 2966 aera.

1251 3078 1270 3138 8

1009 3243 1144 3309 Cedens
1161 3251 1253 3307 totus
1269 3241 1434 3307 laceratur

1008 3340 1163 3422 quidum
1180 3347 1297 3403 sancto
1313 3346 1556 3421 praesentatur,

1097 3436 1188 3498 iussu
1205 3433 1288 3511 solo,

1101 3550 1183 3594 mox
1199 3550 1218 3593 a
1234 3529 1307 3594 solo

1013 3627 1120 3710 surgit
1135 3647 1211 3690 cum
1244 3626 1394 3706 laetitia;

1014 3725 1149 3788 Praesul
1165 3725 1255 3802 iuris,
1270 3731 1367 3807 pater
1383 3723 1493 3806 aequi,

1013 3819 1066 3885 iac
1082 3841 1144 3884 nos
1160 3821 1193 3884 in
1211 3819 1273 3884 hac
1289 3819 1359 3884 vita
1375 3819 1469 3902 sequi

1102 3917 1151 3980 ius
1168 3925 1201 3981 et
1217 3935 1373 4000 aequum,

1102 4020 1138 4077 ut
1154 4011 1201 4076 sic
1217 4021 1328 4076 tecum

1013 4109 1165 4174 vivamus
1182 4107 1214 4170 in
1232 4107 1347 4191 gloria.

1255 4307 1277 4369 9

1084 4473 1153 4538 Ubi
1171 4473 1231 4536 lux
1248 4473 1419 4550 continua,

1080 4569 1136 4632 ubi
1153 4567 1278 4632 dantur
1293 4588 1430 4651 pascua,

1082 4663 1200 4728 ovibus
1217 4673 1387 4746 perpetua.

358 4771 550 4824 Manusorit.
567 4769 681 4822 Panis:
697 4767 770 4823 Bibl.
785 4770 863 4837 Nat,
878 4770 938 4840 868,
951 4769 1052 4824 Missel
1061 4769 1208 4837 d'Angers‚
1222 4773 1270 4821 xv⁶
1279 4765 1373 4835 siecle,
1387 4767 1421 4820 Z.

361 4850 409 4901 ab
440 4847 532 4902 reddit
545 4847 731 4918 Andagavcn.

360 4937 375 4990 7
388 4931 408 4980 h
440 4927 532 4998 rapiat
545 4927 740 4998 Andegaven„
754 4929 850 4984 donne
864 4945 920 4985 une
934 4931 1042 5000 syllabe
1055 4929 1091 4984 de
1110 4939 1182 4998 trop.

364 5004 410 5060 8a
440 5007 580 5063 laceratus
593 5007 778 5078 Andegaven.
815 5014 836 5063 b
871 5020 1069 5081 praesentatus
1081 5007 1269 5079 Andagaven.
1303 5012 1324 5060 h
1355 5017 1384 5062 ut
1398 5006 1584 5084 Andagaven.

364 5089 414 5152 9b
444 5087 526 5142 nobis
539 5087 642 5142 dantur
652 5087 838 5158 Andagaven.
