4094 5796
774 505 916 560 PROSAE
945 507 1145 562 ECCLESIAE
1172 507 1462 562 ANDEGAVENSIS

795 725 852 800 25.
889 703 964 778 na
993 703 1112 781 uuo
1143 703 1431 782 unumne,

793 929 804 974 l

532 1022 726 1088 Hodiemae
743 1021 803 1086 lux
819 1022 886 1086 diei

529 1118 667 1184 celebris
684 1119 840 1202 martyris
858 1119 922 1183 Dei

573 1224 765 1299 praesentat
781 1215 964 1280 sollemnia

792 1347 809 1394 2

531 1444 724 1508 Laudemus
743 1445 872 1528 Regem
888 1445 1016 1529 gloriae

529 1561 588 1624 per
603 1561 703 1624 quem
721 1541 823 1606 habet
839 1540 998 1605 victoriae

529 1645 656 1718 martyr
672 1635 795 1701 Christi
813 1637 998 1720 praeconia.

530 1733 705 1815 Corporeis
722 1734 842 1816 spretis
858 1734 985 1816 poenis,

530 1837 641 1910 spreta
657 1829 756 1893 simul
771 1849 847 1893 cum
864 1829 1005 1894 terrenis

573 1925 707 2008 tyranni
725 1927 887 2002 saevitia;

530 2151 680 2214 Firmum
698 2170 758 2231 per
773 2159 807 2213 te
824 2149 1079 2214 fundamentum

530 2246 667 2323 habens,
684 2247 786 2310 intrat
802 2265 862 2328 per
877 2254 1083 2310 tormentum

576 2345 619 2406 ad
636 2341 718 2406 caeli
736 2341 871 2424 palatia,

529 2440 646 2503 Armis
662 2439 872 2519 praecinctus
888 2437 1019 2513 divinis,

529 2555 591 2597 nee
607 2544 732 2598 terrore
749 2553 858 2614 neque
875 2533 974 2595 minis

573 2631 689 2708 victus,
705 2650 765 2692 nec
782 2628 967 2707 blanditia;

788 2760 811 2820 4

531 2858 690 2921 Passione
705 2875 766 2919 sua
780 2864 873 2919 tutus

1161 908 1346 978 Salvatoris
1362 917 1534 974 assecutus

1202 1015 1253 1070 est
1271 1005 1394 1072 Christi
1411 1004 1562 1088 vestigia,

1160 1101 1258 1164 Felix
1276 1110 1404 1185 martyr
1419 1119 1658 1184 usquequaque

1159 1196 1229 1261 vita
1245 1195 1352 1261 clarus
1369 1197 1402 1260 in
1420 1205 1561 1280 utraque

1203 1293 1379 1377 dignitatis
1393 1293 1510 1376 gratia.

1423 1459 1438 1527 5

1163 1601 1229 1668 Hic
1245 1611 1376 1667 amator
1392 1602 1600 1686 paupertatis

1160 1719 1226 1762 non
1245 1707 1395 1762 terrenae
1410 1697 1586 1780 dignitatis

1206 1797 1369 1878 quaesivit
1385 1795 1537 1860 dominia
1551 1815 1559 1873 ;

1164 1892 1255 1955 Infra
1271 1892 1354 1957 caeli
1371 1893 1541 1974 regionem

1161 1990 1285 2072 recepit
1301 1989 1354 2052 hic
1370 1989 1559 2072 portionem

1202 2096 1235 2149 et
1252 2087 1354 2149 vitam
1372 2085 1403 2148 in
1422 2085 1539 2166 patria

1420 2233 1441 2293 6

1162 2377 1341 2440 Precamur
1356 2377 1415 2452 Te,
1434 2376 1509 2439 Iesu
1527 2375 1669 2450 Christe,

1161 2483 1206 2547 ut,
1224 2471 1338 2554 fugata
1356 2472 1472 2534 mundi
1489 2479 1592 2552 peste,

1161 2568 1324 2650 perducas
1341 2587 1402 2630 nos
1418 2567 1460 2630 ad
1478 2567 1601 2649 gaudia

1162 2663 1263 2740 Caeli,
1279 2663 1402 2746 quibus
1420 2672 1547 2745 martyr
1562 2662 1625 2725 iste

1159 2760 1292 2822 devicto
1308 2757 1433 2822 crudeli
1450 2757 1547 2822 hoste

1161 2854 1339 2936 perfruitur
1356 2855 1388 2917 in
1405 2854 1520 2937 gloria.

522 3135 536 3172 2
550 3137 567 3174 e
599 3120 645 3174 Ne
658 3119 814 3174 faudrait-il
827 3136 879 3190 pas
892 3119 1016 3190 corriget
1030 3119 1158 3190 praemia
1171 3121 1182 3174 i

520 3214 536 3265 4
558 3201 597 3253 La
610 3200 734 3253 seconde
747 3199 838 3268 partie
851 3199 887 3252 de
901 3209 974 3254 cette
987 3199 1104 3270 strophe
1117 3215 1241 3270 manque
1254 3199 1326 3254 daus
1340 3197 1467 3254 Leodr'en.
1479 3197 1654 3251 Xanctomn.

523 3291 535 3348 5
550 3296 568 3332 e
598 3279 746 3332 dominum
761 3279 969 3349 Andegauen.;
982 3279 1132 3344 Leodien.,·
1144 3281 1172 3333 la
1184 3279 1255 3334 rime
1268 3278 1349 3348 exige
1362 3277 1498 3332 dominia.

522 3374 665 3429 Plusieurs
680 3377 780 3428 Proses
795 3385 844 3430 ont
857 3375 884 3428 le
898 3376 990 3430 meme
1010 3375 1097 3429 debut
1116 3392 1171 3446 que
1190 3377 1260 3430 celle
1280 3393 1334 3446 que
1354 3392 1425 3429 nous
1446 3373 1577 3443 publions
1597 3372 1640 3427 ici.
1665 3373 1742 3428 Elles

484 3465 549 3509 sont
562 3454 729 3508 neanmoins
742 3454 914 3509 differentes.
936 3455 990 3522 (Cf.
1006 3472 1042 3508 en
1056 3455 1218 3525 particulier
1231 3455 1365 3524 Kehrein,
1379 3452 1452 3520 486.)
