4102 5792
306 567 309 574 ·
429 551 570 604 suosne
598 549 801 602 nccnusmn
830 549 1048 600 sconnutu
1078 549 1386 601 conusnmauffls
1478 538 1552 624 467

335 736 543 788 Manuscrtts.
566 729 681 783 Parus:
701 726 772 781 Bibl.
790 725 1089 794 Nat.,16823,Missel
1107 727 1143 781 de
1165 727 1410 797 Saint·Comeille‚
1431 729 1552 784 xiii²sie-

298 815 348 882 cle,
363 813 408 878 0,·
442 809 535 878 17318,
550 808 639 876 Idem,
651 807 691 873 P,·
723 819 817 875 17321‚
833 805 922 874 idem,
935 805 968 857 R.

334 959 379 1013 3ο
409 940 574 1010 evangelica
588 940 620 994 0.
652 956 670 993 e
700 939 823 1009 denique
838 937 951 992 Christo
964 938 995 990 O.

333 1037 381 1088 7a
402 1021 458 1075 Hic
471 1036 594 1090 manque
608 1019 680 1073 dans
695 1019 726 1072 O.
738 1018 771 1072 P.
782 1019 816 1072 R.

514 1311 595 1380 333.
628 1285 703 1357 DE
734 1285 957 1358 SANCTO
991 1287 1334 1364 BENEDICTO.

605 1525 615 1569 1

472 1631 528 1694 Ad
547 1629 734 1692 mirandum

471 1736 504 1788 et
521 1725 726 1789 laudandum

388 1823 526 1886 Domini
544 1819 711 1903 magnalia

468 1918 540 1980 Nos
557 1917 675 1979 invitat

474 2023 574 2094 atque
590 2013 671 2075 citat

388 2110 490 2192 patris
507 2109 610 2171 nostri
626 2106 740 2190 gloria.

606 2267 624 2311 2

478 2372 543 2435 Hic
560 2380 610 2434 est
625 2371 734 2434 dictus

477 2467 678 2531 Benedictus

390 2566 524 2628 nomine
541 2561 615 2646 plus
631 2562 749 2644 gratia,

477 2658 586 2742 Quem
604 2659 763 2722 instruxit

477 2763 510 2818 et
526 2754 684 2836 perduxit

390 2853 432 2916 ad
450 2849 494 2916 Se
512 2849 692 2932 Sapientia.

609 3001 625 3064 3

477 3108 541 3172 Dei
556 3128 652 3172 verus

477 3213 510 3268 et
526 3203 671 3267 sincerus

391 3301 498 3364 cultor
513 3298 556 3362 ab
572 3297 721 3376 infantia,

480 3395 566 3472 Urit,
581 3403 681 3471 secat,

478 3490 590 3567 vincit,
605 3501 703 3554 necat

391 3588 499 3652 carnis
515 3588 547 3650 in
564 3606 600 3648 se
615 3587 703 3650 vitia.

608 3725 629 3785 4

480 3821 627 3885 Domum
646 3821 758 3902 patris,

479 3916 587 3980 solum
605 3915 730 3992 matris,

393 4033 444 4078 res
460 4012 593 4095 reliquit
608 4011 758 4094 proprias
776 4033 783 4090 ;

481 4108 597 4174 Sciens
612 4127 689 4170 vere

479 4203 640 4267 dissidere

393 4301 563 4368 Christum
580 4307 614 4362 et
629 4297 771 4364 divitias.

480 4519 526 4584 Et
541 4524 736 4581 cunctorum

481 4616 546 4678 iam
564 4612 726 4676 iustorum

394 4713 521 4778 habens
538 4711 570 4774 in
589 4729 624 4772 se
641 4709 803 4791 spiritum,

482 4807 531 4873 Ut
548 4811 715 4886 sequatur,
776 4812 778 4816 ·

482 4908 678 4982 assequatur

396 4998 576 5073 Christum,
592 5003 701 5060 mutat
716 4993 878 5058 habitum.

1233 1511 1254 1572 6

1104 1631 1204 1712 Fugit
1222 1634 1384 1696 mundum

1106 1737 1142 1789 ut
1159 1727 1381 1806 immundum,

1019 1823 1134 1884 mundi
1152 1822 1237 1905 fugit
1253 1844 1353 1906 opera
1369 1847 1376 1904 ;

1106 1918 1255 1982 Eremita

1105 2011 1151 2089 fit,
1168 2023 1203 2076 ut
1220 2015 1288 2079 vita

1019 2109 1124 2190 magis
1141 2109 1231 2175 vivat
1248 2131 1373 2193 aspera.

1235 2269 1253 2332 7

1108 2372 1305 2436 Reluctatur

1104 2488 1179 2530 cum
1199 2477 1346 2532 tentatur

1021 2571 1096 2644 post
1112 2562 1261 2628 volatum
1280 2564 1455 2644 merculae,

1107 2657 1216 2742 Quem
1234 2659 1406 2744 configunt

1107 2763 1139 2818 et
1156 2753 1310 2838 affligunt

1019 2870 1136 2932 vepres
1151 2863 1184 2914 et
1201 2851 1369 2916 urticulae.

1238 2987 1256 3047 8

1107 3107 1173 3170 Hic
1188 3127 1384 3189 germanum

1108 3201 1305 3285 Capuanum

1021 3307 1229 3379 promeretur
1243 3318 1386 3376 cernere,

1107 3393 1193 3458 Cum
1209 3402 1315 3457 exuto

1107 3491 1214 3552 carnis
1230 3499 1325 3552 scuto

1022 3584 1149 3648 caelum
1166 3585 1297 3649 scandit
1313 3584 1415 3648 libere
1430 3608 1438 3663 ;

1108 3680 1206 3743 Pater
1222 3691 1338 3744 natum

1107 3776 1304 3840 suscitatum

1021 3871 1160 3953 suscipit
1176 3872 1218 3935 de
1235 3872 1357 3935 funere.

1239 4067 1260 4129 9

1109 4229 1260 4293 Tumens
1277 4233 1368 4296 unda

1111 4328 1310 4391 transeunda

1022 4421 1099 4484 fidei
1116 4422 1265 4502 remigi0,

1113 4517 1233 4580 Mauro
1249 4519 1338 4584 cedit

1110 4613 1191 4675 dum
1208 4612 1324 4677 obedit

1023 4707 1168 4772 iubentis
1185 4707 1334 4790 imperio,

1114 4804 1160 4867 Et
1176 4803 1218 4864 ad
1236 4813 1365 4884 patrem

1114 4898 1216 4962 trahit
1233 4898 1368 4965 fratrem

1030 5003 1159 5076 raptum
1178 4994 1220 5057 de
1236 4995 1419 5081 naufragio.
