4116 5784
620 528 761 580 PROSAE
789 531 993 584 ECCLESIAE
1020 533 1275 589 BELVACENSIS
1509 537 1581 616 313

411 809 566 874 Vanitati
582 723 716 874 deditus

410 905 491 970 dum
509 908 641 972 aberrat
657 911 797 989 nescius,

412 999 576 1066 invitatur
591 1003 731 1068 caelitus

410 1097 452 1160 ad
469 1096 568 1162 fidem
587 1100 795 1166 Eustachius.

410 1305 464 1368 Ne
478 1307 612 1389 gentilis
625 1224 780 1392 derderet

409 1400 488 1465 boni
505 1402 649 1468 fructum
666 1405 813 1486 seminis,

409 1495 493 1561 Cum
511 1501 577 1563 iarn
594 1511 686 1566 caste
701 1503 826 1574 viveret

321 1639 323 1642 -
409 1595 519 1658 omnis
535 1616 657 1679 expers
673 1597 831 1664 criminis.

409 1795 475 1860 Hic
491 1807 640 1863 tentatus
655 1801 801 1883 graviter

407 1891 444 1956 tit
459 1895 655 1977 exemplum
672 1899 828 1979 posteris

406 1987 498 2052 Dum
515 1991 638 2055 amissa
655 1993 779 2075 pariter

407 2105 513 2150 uxore
529 2109 604 2152 cum
622 2089 742 2168 liberis,

622 2195 643 2257 6

407 2291 525 2356 Fidem
543 2315 659 2376 puram
678 2299 798 2362 retinet

406 2407 467 2450 nec
483 2390 631 2454 adversis
647 2392 821 2476 frangitur,

407 2482 446 2546 In
463 2504 523 2566 spe
539 2498 659 2550 cuncta
675 2491 818 2554 sustinet

408 2599 517 2662 neque
533 2601 671 2664 sperans
687 2584 820 2650 fallitur.

625 2703 644 2769 7

365 2781 453 2847 Nam
471 2799 627 2867 procurat
645 2790 709 2854 Dei
726 2811 805 2855 cura

364 2889 401 2943 ut
416 2884 572 2964 propinet
589 2886 621 2948 in
640 2907 795 2951 mensura

313 2981 315 2986 ’
406 2975 627 3059 lacrymarum
644 2982 805 3063 calicem;

363 3073 440 3137 Non
457 3076 562 3140 oblita
579 3079 725 3143 misereri

363 3191 423 3236 nec
440 3175 473 3237 in
490 3175 538 3239 ira
554 3178 719 3242 contineri
740 3181 743 3186 “

403 3269 527 3334 iustum
544 3291 643 3354 passa
658 3274 810 3339 iudicem.

623 3387 642 3449 8

362 3496 446 3563 Viro
461 3501 551 3566 iusto
567 3514 644 3586 post
660 3503 808 3570 laborem

363 3604 460 3658 natos
477 3599 586 3662 reddit
603 3609 637 3663 et
653 3621 805 3680 uxorem,

362 3699 395 3752 et
411 3691 444 3753 in
462 3701 587 3757 statum
604 3695 691 3759 hunc
708 3698 851 3779 priorem

405 3807 444 3850 ac
459 3787 628 3854 fortunam
645 3793 743 3875 erigit
757 3815 766 3873 ;

999 710 1067 778 Sed
1085 732 1152 778 non
1168 734 1290 796 parens
1306 718 1393 802 regis
1410 721 1487 799 irae,
1571 801 1573 804 Ι

997 810 1078 874 dum
1095 809 1228 875 iubetur
1242 823 1301 877 aut
1317 816 1424 897 perire

996 916 1054 971 aut
1070 929 1090 971 a
1107 907 1173 972 tide
1189 910 1322 988 resilire,

1040 1004 1123 1069 mori
1141 1006 1248 1088 magis
1263 1007 1365 1090 eligit.

1257 1139 1279 1201 9

998 1231 1090 1316 Ergo
1107 1233 1242 1299 Christo
1257 1235 1468 1299 convicturus

998 1328 1063 1394 fide
1079 1331 1181 1408 fortis,
1197 1351 1256 1413 spe
1271 1350 1414 1408 securus,
1492 1402 1495 1408 ,

996 1427 1122 1490 Bovem
1139 1427 1307 1509 ingressus
1323 1446 1465 1490 aeneum
1569 1441 1572 1446 '

996 1542 1154 1604 vaporem
1172 1523 1300 1606 spernit
1316 1524 1463 1606 igneum.
1530 1565 1535 1576 ·

1249 1652 1288 1700 10
1423 1651 1424 1656 ’

995 1747 1127 1831 Corpus
1142 1748 1242 1832 quale
1258 1749 1349 1831 prius
1368 1759 1440 1814 erat
1546 1806 1548 1810 .

995 1833 1222 1928 incorruptum
1241 1854 1444 1928 perseverat,
1493 1927 1496 1934 Ι

995 1941 1067 2004 Nec
1085 1942 1117 2004 in
1134 1941 1297 2005 extremis
1312 1943 1453 2006 crinium

993 2039 1080 2102 vires
1095 2047 1259 2121 apparent
1276 2039 1415 2121 ignium.

1245 2172 1280 2217 11

993 2266 1171 2348 Tanquam
1188 2285 1306 2329 aurum
1323 2287 1342 2330 e
1357 2265 1492 2330 fornace

1037 2363 1183 2426 mundus
1198 2361 1270 2426 exit
1286 2362 1431 2444 spiritus,

994 2457 1105 2522 Locus
1121 2457 1193 2522 eius
1209 2456 1246 2522 fit
1263 2459 1295 2521 in
1313 2477 1396 2540 pace

1036 2573 1136 2637 quem
1153 2573 1220 2618 non
1237 2553 1352 2618 turbat
1367 2553 1522 2636 gemitus.

1251 2685 1287 2732 12

996 2759 1117 2846 Nullus
1134 2783 1222 2856 enim
1240 2782 1285 2844 ibi
1302 2781 1424 2856 luctuS,
1532 2865 1534 2870 Ι

1040 2877 1150 2942 nullus
1167 2879 1267 2942 timor
1282 2875 1439 2951 hostium,
1534 2875 1535 2880 ’

958 3015 961 3023 -
996 2977 1064 3043 Sed
1080 2977 1232 3042 laborum
1249 2977 1355 3042 dulcis
1372 2975 1497 3038 fructus

1034 3085 1067 3139 et
1083 3095 1228 3158 perenne
1244 3073 1412 3156 gaudium.

1250 3205 1285 3268 ¹3

993 3313 1125 3393 Martyr
1140 3309 1247 3374 dulcis
1263 3319 1297 3373 et
1311 3308 1492 3392 praeclare,

995 3429 1080 3492 quos
1095 3407 1148 3471 hic
1165 3408 1258 3471 vides
1274 3405 1424 3469 laborare
1526 3435 1528 3438 ·

1038 3506 1104 3569 tuis
1121 3505 1197 3567 iuva
1213 3504 1378 3587 precibus,

993 3601 1042 3666 Ut
1058 3620 1208 3663 amarum
1227 3599 1343 3662 mundi
1360 3617 1452 3661 mare

994 3699 1040 3761 sic
1056 3698 1223 3780 possimus
1238 3705 1444 3759 transmeare

1038 3816 1079 3859 ne
1095 3813 1286 3876 mergamur
1301 3789 1466 3857 fluctibus

354 3968 563 4020 manuscrits.
587 3967 701 4023 Pnuts:
723 3969 794 4024 Bibl.
811 3972 887 4040 Nat,
901 3985 976 4038 1107,
1001 3971 1100 4025 Missel
1114 3970 1150 4024 de
1163 3968 1292 4037 i'abbaye
1314 3967 1351 4021 de
1372 3966 1577 4036 saint-Denys‚

317 4041 375 4096 xiv*
383 4043 477 4112 siecle,
488 4045 531 4099 M.
559 4046 631 4102 Bibl.
647 4047 800 4117 Mazarine,
813 4063 874 4118 422,
890 4051 989 4105 Missei
1003 4051 1039 4106 de
1054 4049 1133 4104 Paris
1147 4048 1375 4120 (probablement
1388 4047 1406 4101 a
1419 4047 1524 4116 l’usage
1542 4046 1579 4102 de

316 4121 422 4191 l’dglise
442 4122 704 4197 saint-Eustache)‚
725 4135 771 4182 xve
781 4128 875 4199 siecle,
898 4130 935 4184 X.
973 4131 1213 4184 consumens:
1237 4127 1309 4181 Bibl.
1325 4128 1404 4196 Roy.‚
1429 4125 1529 4180 Missei
1542 4125 1579 4180 de

316 4202 404 4274 Paris,
417 4215 493 4272 1504,
509 4206 620 4260 Messes
634 4207 651 4261 a
664 4207 768 4278 l'usage
782 4210 818 4265 de
838 4210 976 4281 l’Hdpital
999 4210 1216 4280 Saint-Jacques
1230 4208 1357 4279 ajoutdes
1379 4226 1414 4263 en
1431 4222 1507 4278 1509,
1520 4207 1577 4261 CO.

359 4317 442 4373 Cette
454 4320 542 4374 Prose
556 4337 573 4374 a
586 4321 631 4376 έῑέ
642 4340 693 4392 par
706 4325 898 4395 Culcuuovu,
912 4326 1144 4380 Elua'daton'um
1159 4325 1383 4392 ecclesiasticum,
1392 4323 1467 4392 1558,
1481 4339 1507 4392 p.
1518 4337 1533 4375 2
1537 4335 1578 4391 51.

318 4397 358 4450 Le
372 4397 442 4452 Pete
456 4399 487 4455 C.
503 4401 639 4472 Cnfflutt,
655 4403 909 4475 Caractlrz'strpues
920 4406 967 4460 des
978 4407 1087 4474 Saints,
1100 4422 1125 4474 p.
1140 4406 1196 4473 184,
1217 4422 1253 4460 en
1266 4405 1321 4459 cite
1344 4404 1481 4475 quelques
1504 4419 1577 4458 vers.

353 4496 434 4549 Dans
448 4493 486 4566 X,
499 4495 525 4552 ie
538 4499 714 4555 rubricateur
723 4502 799 4557 avait
813 4502 922 4557 intitule
935 4513 1008 4558 cette
1024 4503 1130 4557 Prose:
1151 4503 1194 4556 De
1208 4503 1310 4555 Sancto
1329 4503 1477 4555 Vincentio.
1512 4501 1578 4554 Une

316 4574 393 4628 main
405 4576 579 4645 posterieure
588 4595 606 4632 a
622 4579 722 4635 retabii
733 4597 768 4636 en
782 4599 880 4652 marge
892 4603 898 4637 :
912 4583 955 4636 De
968 4585 1074 4638 Sancto
1086 4583 1249 4638 Eustochio.

355 4725 403 4774 rb
433 4721 596 4778 modulatur
606 4726 755 4781 Belvacen.
787 4733 808 4782 d
837 4728 911 4782 Crux
925 4727 958 4798 (i)
971 4738 1014 4783 est
1026 4729 1171 4782 Morinen.

352 4815 401 4864 aa
431 4809 459 4854 et
471 4811 606 4858 tortorem
620 4807 768 4862 Belvacen.
801 4813 822 4861 b
848 4817 913 4880 post
934 4809 1061 4864 laborem
1080 4809 1227 4864 Belvacen.
1260 4814 1280 4864 d
1312 4810 1405 4863 Natus
1421 4809 1455 4877 (t)
1468 4808 1579 4864 vinctus

321 4879 471 4934 Tornacen.
501 4887 515 4935 f
540 4883 616 4954 capit
625 4887 852 4942 Parisunnooo.

315 4973 402 5094 M3a
431 4959 552 5016 Veritati
567 4963 601 5032 (t)
622 4967 765 5021 Mon'nen.
798 4972 820 5021 b
847 4969 975 5025 aberrat
998 4969 1041 5024 M.
1073 4971 1192 5025 aberat
1216 4971 1254 5026 X.
1294 4971 1407 5026 oberrat
1432 4971 1580 5034 Belvacen.

353 5055 459 5094 omnen.
