4116 5784
501 514 573 608 308
806 530 948 581 PROSAE
975 526 1179 578 ECCLESIAE
1206 519 1460 574 BELVACENSIS

538 729 584 783 30
616 713 653 766 Et
667 719 730 782 post
745 710 777 764 P.
810 706 990 763 conservabit
1004 705 1150 760 Belvacen.
1183 703 1238 756 Les
1259 716 1323 754 vers
1343 702 1436 752 betd
1451 713 1487 750 ne
1502 695 1605 750 timent
1615 712 1675 765 pas.

538 809 584 860 4c
616 791 673 846 Hic
687 809 720 845 ex
735 789 829 844 Matre
842 788 990 842 Belvacrn.

539 875 590 928 6d
622 889 707 944 quem
719 879 786 924 ante
801 870 832 938 Q.

539 954 590 1008 8a
620 951 679 1006 vita
690 957 863 1005 restauratur
876 948 910 1001 P.

525 1048 553 1087 11
570 1049 590 1086 a
618 1031 664 1086 die
677 1031 731 1085 ista
745 1029 894 1083 Belvacen.
923 1033 944 1082 d
973 1023 1125 1079 reconsilia
1137 1023 1172 1077 P.

524 1127 555 1166 12
575 1129 593 1166 c
624 1113 660 1165 Et
674 1109 803 1164 mundati
816 1109 850 1163 P.
880 1105 1051 1160 Emundatis
1073 1103 1220 1158 Belvacen.
1253 1101 1288 1154 Et
1302 1115 1425 1169 manque
1445 1098 1517 1152 dans
1532 1097 1563 1166 Q.
1597 1097 1652 1148 Ces
1666 1095 1764 1164 leqons

503 1193 664 1249 mauvaises
678 1191 826 1261 indiquent
839 1189 867 1242 la
879 1188 960 1258 lecon
974 1185 1050 1241 vraie
1062 1202 1068 1240 :
1081 1183 1249 1238 Emundati.
1281 1197 1301 1234 a
1314 1197 1331 1234 c
1368 1180 1422 1234 Ces
1435 1179 1508 1234 deux
1529 1194 1591 1232 vers
1604 1193 1640 1230 ne
1660 1175 1764 1230 timent

503 1292 564 1348 pas.
596 1292 614 1328 o
638 1271 793 1343 apeccatis
808 1270 840 1338 Q.

526 1371 558 1425 13
576 1371 646 1410 voce
659 1351 824 1407 dulcissima
837 1349 986 1403 Belvacen.

753 1698 834 1766 204.
867 1673 942 1746 ns
973 1669 1011 1744 s.
1046 1661 1538 1742 BARTHonouAEo.

821 1940 833 1986 1

560 2054 752 2130 lubilemus
768 2052 886 2116 fratres
904 2050 979 2126 mei,

601 2152 713 2216 votiva
730 2147 868 2224 laetitia,

558 2250 654 2314 Beati
672 2244 922 2312 Bartholomaei

602 2343 750 2408 colentes
766 2339 951 2406 sollemnia.

821 2487 839 2532 2

560 2605 671 2689 Quem
688 2603 861 2666 doctorem
878 2597 959 2661 dum
978 2595 1114 2659 sortitur

603 2700 817 2764 tenebrarum
833 2695 951 2777 patria,

560 2797 670 2862 Verae
686 2795 768 2859 lucis
784 2791 963 2874 insignitur

603 2889 822 2956 sacramentis
841 2887 948 2950 India.

824 3043 841 3107 3

564 3165 615 3228 Ibi
633 3161 741 3226 verbis
758 3169 791 3222 et
808 3154 973 3238 exemplis

505 3305 507 3312 ι
606 3257 713 3322 multa
729 3253 836 3337 plebis
853 3251 958 3314 millia

565 3353 754 3428 Lucrisecit,
770 3349 851 3414 fusis
868 3345 1003 3430 templis

606 3459 640 3514 et
656 3465 771 3512 eorum
788 3443 904 3528 gloria.

824 3601 846 3662 4

651 3712 683 3777 O
700 3709 926 3794 praedicanda

565 3829 651 3893 quae
667 3806 782 3871 divina
797 3804 901 3888 gessit
917 3821 1036 3866 manus

608 3924 668 3988 per
684 3923 759 3966 eum
778 3898 956 3964 miracula!

653 3999 763 4066 Silent
779 3996 917 4060 infanda

565 4117 651 4182 quae
667 4095 798 4160 solebat
815 4093 894 4156 dare
910 4109 1017 4154 vanus

608 4183 774 4248 Astaroth
792 4177 936 4245 oracula.

830 4333 844 4398 5

569 4451 707 4518 Incendi
724 4471 759 4513 se
776 4445 992 4512 daemonium

610 4547 768 4613 clamavit
784 4565 843 4628 per
860 4541 1049 4606 Pseustium

696 4647 712 4676 “
725 4643 827 4716 Tace,
843 4639 957 4724 pestis,
970 4635 985 4662 ”

697 4739 763 4804 Dei
780 4737 875 4801 testis

610 4837 727 4921 inquit,
743 4839 759 4867 “
773 4827 1040 4896 damnatissima.
1051 4826 1065 4853 ’¹

567 4935 681 5018 Aeger
697 4933 739 4996 ad
757 4930 839 4993 haec
856 4922 1036 5000 convaluit,

612 5039 723 5116 grates
740 5033 883 5111 quantas
899 5018 1007 5086 valuit

1316 1934 1419 1996 agens
1437 1913 1521 1990 Deo,

1317 2021 1443 2075 etcum
1460 2029 1501 2072 eo
1537 2049 1539 2054 -

1231 2109 1328 2173 turba
1345 2105 1572 2171 devotissima.

1448 2242 1469 2303 6

1191 2374 1400 2456 Deprecatur
1416 2389 1476 2433 rex
1493 2390 1554 2452 pro
1571 2379 1650 2432 nata

1146 2469 1263 2534 morbo
1284 2468 1453 2533 Polemius
1473 2465 1622 2529 lunatico
1642 2471 1777 2540 vexata,

1191 2583 1341 2647 moxque
1358 2563 1487 2626 levatur
1503 2570 1630 2626 sanata.

1192 2664 1268 2726 Hoc
1285 2661 1393 2725 affinis
1409 2669 1443 2723 et
1459 2668 1590 2722 remota

1146 2781 1222 2824 cum
1244 2778 1321 2842 rege
1348 2757 1471 2839 pariter
1486 2754 1660 2840 provincia
1683 2772 1755 2835 per·

1674 2857 1778 2924 mota,

1192 2951 1382 3034 baptizatur
1398 2967 1484 3031 pene
1500 2955 1580 3009 tota.

1452 3101 1472 3164 7

1194 3223 1271 3284 Rex
1288 3219 1452 3300 Astrages
1468 3217 1510 3280 de
1524 3215 1677 3299 germani

1195 3316 1261 3381 fide
1276 3314 1395 3379 dolens
1411 3322 1444 3376 et
1462 3313 1601 3375 immani

1237 3429 1416 3474 succensus
1433 3408 1572 3484 insania,

1196 3507 1359 3573 Sanctum
1377 3504 1440 3567 sibi
1456 3503 1662 3586 praesentari

1195 3603 1287 3667 iubet
1304 3612 1405 3684 atque
1422 3599 1576 3680 fustigari

1238 3718 1390 3763 securum
1407 3697 1449 3761 ad
1467 3697 1590 3760 omnia.

1456 3843 1474 3904 8

1197 3973 1288 4034 Hinc
1304 3971 1346 4032 ad
1364 3969 1448 4032 ictus
1465 3977 1498 4032 et
1515 3969 1558 4032 ad
1575 3987 1702 4051 poenas

1197 4063 1401 4130 cumulando
1417 4065 1477 4128 dat
1492 4063 1642 4126 habenas

1241 4161 1374 4244 tyranni
1393 4160 1563 4242 nequitia3

1172 4341 1174 4346 ι
1197 4258 1264 4323 Sed
1282 4259 1323 4322 ad
1341 4276 1468 4340 poenas
1484 4265 1518 4320 et
1534 4258 1577 4320 ad
1595 4256 1680 4320 ictus

1197 4353 1321 4420 Christi
1339 4353 1433 4416 miles
1450 4362 1517 4416 stat
1533 4351 1685 4430 invictus

1240 4448 1403 4514 adiutrice
1419 4449 1536 4530 gratia.

1457 4605 1479 4668 9

1198 4723 1278 4785 Post
1294 4719 1389 4782 vivus
1405 4719 1594 4783 decoriatur

1242 4817 1285 4881 ad
1302 4836 1434 4880 summa
1450 4815 1594 4880 ludibria
1609 4837 1617 4896 ;

1200 4915 1256 4980 Ad
1274 4922 1464 4978 extremum
1482 4912 1667 4977 decollatur

1243 5009 1445 5094 complendo
1462 5008 1630 5092 martyria
1693 5046 1695 5056 ·
