4116 5784
621 531 764 584 PROSAE
792 531 997 586 ECCLESIAE
1025 535 1282 588 BELVACENSIS
1513 539 1587 612 305

629 728 652 794 9
1130 714 1220 798 apud
1238 714 1409 781 Christum

370 811 410 875 In
426 809 490 874 hoc
506 807 581 872 loco
596 805 743 870 mundus
759 805 856 884 vixit,
1129 811 1268 875 chorum
1285 812 1387 877 istum

370 908 402 970 in
419 903 571 988 supernis
588 910 736 966 mentem
753 899 837 978 fixit,
1041 905 1224 973 clementer
1240 909 1406 990 concilia;

369 1009 405 1065 ut
420 1002 509 1065 vitae
525 1018 677 1063 summae
693 997 817 1080 pabula
1002 1005 1052 1070 Ut
1070 1005 1159 1070 Fons
1175 1025 1328 1072 summae
1344 1009 1479 1091 pietatis

369 1098 535 1181 optineret
550 1115 609 1179 per
625 1092 767 1158 saecula.
1002 1102 1166 1165 mundum
1183 1103 1350 1166 mundans
1366 1124 1386 1167 a
1402 1105 1549 1188 peccatis

623 1216 663 1263 ιο
1135 1218 1248 1263 servos
1265 1198 1353 1264 Suos

369 1294 399 1362 Ο
416 1295 515 1358 beate
532 1293 723 1373 Geremare,
1132 1305 1234 1378 atque
1249 1305 1326 1360 tuos

368 1391 416 1455 vir
432 1391 581 1474 insignis,
596 1391 646 1454 vir
661 1390 840 1476 praeclare,
1046 1393 1186 1456 mundet
1203 1392 1283 1456 data
1299 1393 1406 1459 venia.

364 1575 558 1626 Manuaertt.
581 1573 697 1627 Pmrs:
717 1571 790 1627 Bibl.
806 1529 883 1642 Nat,
896 1586 973 1642 1140,
986 1571 1117 1628 Prosaire
1130 1571 1166 1627 de
1181 1571 1416 1640 Beauvais,1492,
1429 1572 1464 1628 Z.
1536 1581 1538 1588 ’

368 1736 415 1786 rd
446 1749 480 1786 ex
493 1731 742 1786 cordeBelvacen.

365 1827 411 1880 30
441 1811 587 1866 affluentia
598 1812 633 1866 Z.

364 1905 414 1958 4a
445 1891 501 1946 leni
514 1892 548 1946 Z.

365 1971 414 2025 8a
443 1972 537 2027 locum
550 1973 626 2027 hunc
639 1973 672 2027 Z.
706 1978 727 2027 b
758 1972 1061 2029 desinavithlvacen.

351 2065 382 2106 ιο
399 2051 491 2123 Αρτὲε
504 2063 578 2108 cette
592 2053 716 2124 strophe,
730 2070 767 2108 on
780 2052 811 2108 lit
825 2054 898 2108 dans
910 2053 1059 2108 Belvacen.
1073 2072 1084 2106 .·

788 2171 882 2225 Amen
901 2169 997 2226 dicant
1017 2171 1122 2226 omnia.

585 2495 668 2546 201.
700 2471 776 2545 DE
806 2472 1030 2548 SANCTO
1061 2473 1334 2549 EBRVLFO.

639 2711 653 2758 ¹
1264 2712 1287 2776 4

504 2805 737 2871 Lactabundus
1050 2807 1283 2892 Fredegundis
1299 2807 1436 2873 monitis

377 2901 517 2968 Ebrulso
533 2904 691 2968 decantet
704 2901 819 2967 chorus
831 2925 843 2967 .·
1046 2905 1255 2988 propriisque
1272 2903 1399 2968 meritis

505 3000 653 3064 Alleluia
664 3024 679 3076 ,·
1136 3001 1242 3066 abbas
1257 2999 1374 3078 iactus,

505 3097 615 3180 Opem
633 3097 727 3162 cuius
1047 3095 1191 3164 Carnem
1208 3117 1304 3161 suam
1321 3094 1462 3175 domuit,

373 3191 525 3276 deposcit
541 3193 604 3256 hac
620 3194 675 3258 die
691 3213 830 3271 sacram,
1048 3194 1170 3276 iugiter
1185 3192 1336 3257 exercuit

505 3309 587 3354 voce
603 3289 667 3373 pia.
1136 3289 1210 3374 pios
1227 3298 1330 3354 actus.

1268 3407 1284 3474 5

1049 3500 1111 3565 Per
1125 3498 1215 3564 hunc
1230 3495 1393 3563 beneficia

417 3597 566 3682 Angelus
581 3597 738 3681 apparuit
1047 3596 1199 3681 plurimis
1216 3595 1343 3660 eximia

420 3695 518 3760 matri
534 3704 567 3758 et
583 3694 743 3778 exposuit
1049 3695 1183 3773 dantur,
1198 3692 1264 3758 Dei
1280 3691 1388 3775 gratia

505 3793 674 3876 pariturae
1137 3796 1319 3873 operante:

422 3889 517 3954 Pueri
534 3888 698 3972 originem
1053 3885 1171 3952 Caecis
1187 3884 1301 3948 lumen
1318 3883 1477 3962 redditur,

421 3994 454 4050 et
470 3986 638 4069 gerendae
653 3984 806 4048 ordinem
1051 3983 1190 4050 claudus
1206 3992 1296 4047 recte
1311 3981 1472 4066 graditur,

507 4081 597 4146 vitae
611 4101 723 4165 purae.
1050 4083 1196 4148 daemon
1212 4079 1277 4145 hoc
1292 4079 1422 4144 eiicitur

1140 4177 1313 4234 exorante.

641 4253 658 4318 3
1270 4283 1292 4344 6

423 4393 488 4457 Hic
505 4413 550 4456 ex
567 4391 705 4456 Francis
720 4391 854 4475 genitus
1094 4387 1230 4450 Exutus
1249 4383 1352 4468 pallio

421 4489 553 4553 Belvaci
570 4496 621 4552 est
637 4487 747 4552 editus
1096 4483 1216 4560 carnis,
1231 4481 1385 4548 convivio

508 4593 583 4649 ortu
599 4582 709 4648 clarus
723 4603 731 4664 ;
969 4578 1058 4644 laeto
1075 4579 1225 4662 pascitur
1240 4577 1273 4641 in
1291 4579 1400 4661 patria
1416 4599 1424 4659 ;

424 4680 533 4746 Annis
548 4679 732 4765 puerilibus
1099 4675 1209 4758 Ipsius
1225 4673 1379 4758 precibus

423 4779 523 4844 sacris
539 4777 632 4842 iulsit
649 4776 806 4854 moribus,
1098 4789 1160 4835 nos
1176 4772 1244 4835 suis
1261 4771 1389 4835 civibus

511 4875 646 4940 Christo
661 4893 764 4937 carus.
967 4871 1085 4951 iungat
1102 4869 1179 4932 Rex
1197 4867 1351 4933 Christus
1368 4869 1401 4932 in
1419 4868 1533 4952 gloria.

636 3461 654 3508 2

374 5049 567 5102 Manusortt.
589 5045 703 5100 Perus:
725 5041 797 5098 Bibl.
812 5042 889 5111 Nat,
900 5053 977 5109 1140,
992 5037 1124 5093 Prosaire
1137 5035 1173 5092 de
1188 5036 1337 5108 Beauvais,
1352 5051 1428 5108 1492,
1442 5037 1476 5093 Z.

401 5198 416 5234 p
1229 5199 1231 5204 ¹
1516 5187 1546 5220 20
