4096 5794
645 518 788 570 exosus
816 519 1020 570 secessum
1047 521 1259 573 nvuoeums
1508 506 1578 596 569

324 715 371 763 10.
394 697 579 762 Tormenta
595 697 709 760 omnia
725 696 792 780 [tu]
808 697 971 779 sprevisti,
989 697 1019 762 Ο
1037 699 1171 781 Georgi,

325 811 371 860 11.
397 792 492 858 Idola
509 790 652 874 plurima
667 793 875 869 destruxisti,
892 793 923 858 Ο
940 792 1086 876 Georgi;

326 937 372 985 12.
396 920 511 985 Vidua
527 938 649 1002 panem
666 920 727 984 tibi
743 922 870 985 donare
886 921 1074 1005 denegavit,
1091 924 1122 989 O
1140 924 1273 1008 Georgi,

328 1035 374 1098 13.
397 1017 551 1102 Angelus
567 1018 720 1082 caelestis
736 1028 769 1082 te
785 1041 861 1084 cum
879 1019 954 1085 cibo
971 1023 1140 1098 saturavit,
1157 1023 1188 1088 Ο
1206 1023 1328 1106 Georgi
1347 1047 1353 1102 ;

328 1169 374 1232 14
399 1151 472 1215 Nos
488 1151 574 1227 iuva,
590 1162 717 1234 martyr
733 1151 866 1236 Georgi,

329 1262 375 1329 15.
401 1247 475 1311 Nos
491 1247 592 1324 salva,
608 1257 723 1311 sancte
739 1247 863 1331 Georgi
879 1271 887 1328 ;

329 1379 375 1443 16.
401 1379 531 1461 Martyr
548 1378 681 1456 Christi,
697 1379 829 1462 Georgi.

362 1533 573 1584 Manusertts.
599 1527 736 1582 Muutctt
746 1546 752 1582 ι
763 1529 836 1584 Bibl.
849 1529 965 1599 Royale,
975 1530 1187 1598 24002,Missel,
1200 1543 1247 1584 xve
1255 1529 1348 1598 siecle,
1355 1530 1428 1584 MN.
1444 1529 1586 1584 PRAGUE:

326 1608 399 1664 Bibl.
414 1609 452 1663 du
467 1607 612 1678 Chapitre,
626 1609 648 1660 P
662 1623 684 1676 1,
707 1609 807 1663 Missel
818 1609 853 1663 de
869 1611 988 1679 Pragroe,
1007 1617 1054 1662 xv⁸
1062 1609 1156 1676 siecle,
1169 1611 1229 1664 PR.
1263 1610 1334 1665 Bibl.
1348 1609 1384 1664 de
1397 1607 1587 1676 l'Universite,

326 1701 373 1744 xtt
385 1689 407 1743 C
413 1700 436 1758 5,
452 1688 542 1757 Idem,
558 1688 634 1756 1482,
649 1688 717 1754 PS,·
747 1701 802 1742 xlv
814 1690 881 1758 B17‚
898 1689 1006 1759 Missel,
1019 1697 1066 1744 xv⁸
1074 1689 1168 1760 siecle,
1180 1691 1244 1744 PX.

365 1825 375 1864 1
399 1818 499 1864 sancte
514 1809 620 1876 Georgi
633 1808 707 1862 ΜΝ.
721 1809 782 1864 PR.
796 1811 859 1864 PX.

362 1906 379 1957 4
398 1892 442 1944 Tu
456 1889 560 1944 multos
574 1889 647 1943 MN.
679 1889 733 1944 Tui
748 1892 840 1945 nullus
853 1892 918 1947 PX.
953 1893 1036 1947 Cette
1049 1893 1175 1947 clausule
1188 1909 1312 1963 marique
1326 1892 1398 1946 dans
1411 1889 1471 1945 PR.
1485 1889 1543 1944 PS.

365 1986 378 2043 5
398 1973 442 2025 Tu
456 1987 552 2040 regem
565 1969 656 2025 vincis
668 1971 743 2026 MN.
775 1975 818 2027 Tu
832 1973 952 2027 multum
963 1973 1049 2028 vertis
1062 1973 1337 2043 Hasnien.Lunden.
1370 1972 1452 2027 Cette
1464 1970 1589 2026 clausule

329 2069 453 2122 manque
465 2051 538 2106 dans
552 2051 614 2106 PX.

364 2135 381 2187 6
400 2133 483 2188 Cette
495 2133 621 2188 clausule
634 2151 759 2206 manque
771 2135 843 2190 dans
858 2136 920 2190 PX.

365 2236 380 2289 7
401 2223 564 2280 convertisti
575 2225 649 2280 ΜΝ.
681 2227 823 2281 convertis
837 2226 897 2280 PR.
910 2225 968 2280 PS.
982 2225 1042 2278 PX.

365 2303 381 2357 8
402 2306 516 2361 L’ordre
529 2307 730 2363 desclausules
743 2309 791 2380 qui
816 2308 926 2362 suivent
952 2317 995 2360 est
1015 2305 1072 2360 tres
1092 2305 1223 2362 different
1245 2307 1317 2362 dans
1342 2308 1384 2362 les
1410 2304 1587 2360 manuscrits.

332 2385 412 2439 Nous
425 2403 597 2442 conservons
611 2387 639 2442 la
651 2389 762 2443 version
777 2387 812 2443 de
829 2387 956 2442 errulen.
979 2395 1007 2440 et
1020 2386 1055 2439 de
1069 2385 1205 2456 Hasnr'm.
1236 2387 1281 2440 On
1296 2385 1326 2440 lit
1346 2385 1417 2439 dans
1431 2383 1471 2438 les
1491 2383 1587 2437 autres

330 2473 419 2520 textes
431 2485 437 2520 :

577 2548 600 2603 8.
620 2547 714 2603 Vidua
727 2564 831 2618 panem
844 2547 895 2604 tibi
908 2548 1016 2601 donare
1029 2546 1189 2615 denegavit,
1205 2552 1230 2602 0
1244 2547 1358 2617 Georgi.

577 2646 602 2698 9.
622 2631 733 2687 Viduae
746 2630 834 2686 filium
846 2641 877 2686 tu
890 2629 1007 2697 sanasti,
1021 2630 1046 2683 Ο
1061 2629 1175 2698 Georgi.

563 2726 600 2766 ro.
621 2711 701 2767 ldola
713 2712 835 2783 plurima
847 2709 1019 2778 destruxisti,
1034 2712 1058 2764 Ο
1073 2711 1187 2780 Georgi.

563 2807 601 2846 11.
623 2794 802 2848 Daemonem
816 2793 844 2848 in
858 2795 993 2861 abyssum
1006 2791 1176 2859 demersisti,
1191 2793 1217 2846 Ο
1232 2791 1346 2862 Georgi.

564 2885 602 2926 12.
622 2871 762 2941 Reginam
777 2872 998 2928 Alexandrinam
1011 2870 1127 2926 credere
1140 2881 1169 2925 tu
1181 2871 1281 2928 iecisti.

565 2967 603 3020 13.
624 2953 780 3007 Tormenta
792 2951 889 3008 omnia
902 2949 1043 3023 sprevisti,
1057 2951 1082 3003 Ο
1094 2951 1207 3021 Georgi.

567 3045 605 3098 14.
625 3033 669 3085 Tu
682 3030 775 3085 minas
789 3031 859 3086 nihil
873 3031 1000 3100 timuisti,
1020 3031 1045 3084 O
1060 3029 1174 3098 Georgi.

566 3123 602 3180 15.
627 3113 689 3165 Nos
702 3110 776 3178 iuva,
788 3121 895 3182 martyr
905 3111 1018 3180 Georgi.

566 3191 603 3244 16.
627 3192 688 3245 Nos
702 3191 789 3258 salva,
803 3201 901 3246 sancte
915 3190 1029 3262 Georgi.

332 3269 489 3325 seulement
502 3270 576 3325 MN.
588 3279 616 3324 et
629 3271 689 3326 PR.
703 3271 830 3326 donnent
843 3271 927 3340 (11.8)
940 3272 968 3327 la
981 3273 1061 3343 legon
1087 3273 1163 3327 dare.
1195 3269 1234 3325 Le
1254 3280 1313 3324 mot
1338 3269 1444 3323 donare
1469 3277 1593 3333 manque

332 3348 404 3403 dans
416 3349 480 3404 PX.
514 3351 603 3404 Entre
617 3349 656 3405 les
674 3350 839 3405 clausules8
853 3361 881 3406 et
894 3367 911 3418 9
924 3369 961 3405 on
974 3351 1005 3406 lit
1019 3353 1090 3408 dans
1106 3351 1157 3404 PS
1176 3360 1204 3405 et
1226 3350 1302 3404 PX:
1335 3346 1462 3416 Angelus
1481 3354 1508 3398 te
1528 3357 1592 3397 curn

332 3430 447 3486 caelesti
461 3429 526 3485 cibo
539 3430 661 3500 satiavit,
676 3431 701 3486 Ο
717 3431 829 3501 Georgi.
873 3432 914 3486 La
933 3433 1058 3488 clausule
1075 3447 1093 3500 9
1116 3447 1239 3502 manque
1255 3429 1328 3483 dans
1345 3428 1403 3481 PR.
1441 3427 1495 3480 Les
1517 3423 1592 3478 clau·

332 3510 406 3565 sules
423 3523 453 3580 15
467 3521 495 3565 et
512 3510 543 3564 16
556 3521 711 3581 manquent
721 3510 793 3565 dans
807 3511 866 3566 PR.
881 3511 1012 3567 PS.'PX.

610 3705 693 3778 405.
729 3683 802 3757 DE
833 3683 1040 3759 SPINEA
1070 3683 1313 3759 CORONA.

641 3862 653 3908 1
1268 3864 1286 3906 2

378 3957 505 4042 Spinae
520 3958 648 4042 lignum
666 3959 877 4042 triumphale,
1008 3961 1217 4024 Assistentes
1234 3959 1349 4040 spinae
1366 3954 1465 4031 laudi,

377 4055 493 4119 mundi
509 4076 587 4120 vera
602 4055 701 4134 salus,
717 4057 798 4134 vale,
1008 4057 1230 4122 Consecrator
1246 4057 1315 4119 eius
1332 4053 1421 4129 audi,

377 4154 463 4217 inter
477 4152 568 4236 ligna
585 4153 713 4218 nullum
730 4154 797 4218 tale
1008 4164 1109 4238 atque
1124 4174 1236 4218 servos
1252 4153 1347 4216 Tuae
1362 4151 1478 4233 spinae

420 4249 542 4314 rubens
559 4251 683 4315 Christi
699 4253 871 4335 sanguine,
1007 4262 1084 4336 post
1100 4252 1186 4315 hanc
1202 4253 1305 4315 vitam
1322 4266 1430 4332 poena
1446 4245 1517 4307 sine

380 4347 548 4411 Medicina
564 4347 765 4426 Christiana,
1049 4349 1192 4412 transfer
1206 4349 1248 4412 ad
1263 4346 1396 4430 palatia,
1538 4339 1542 4348 ’

376 4442 468 4508 salva
484 4464 594 4522 sanos,
609 4467 727 4529 aegros
743 4467 846 4510 sana:
1008 4447 1103 4527 Quos
1119 4455 1286 4510 tormento
1302 4446 1352 4508 vis
1367 4439 1488 4506 servire

377 4541 466 4623 quod
484 4561 550 4604 non
569 4543 657 4606 valet
673 4543 722 4606 vis
739 4544 885 4607 humana
1009 4543 1058 4607 lac
1075 4552 1243 4608 tormenta
1260 4561 1325 4605 non
1343 4540 1474 4610 sentire,

420 4635 456 4700 fit
474 4637 506 4699 in
524 4647 582 4701 tuo
599 4640 742 4704 nomine.
1006 4641 1062 4704 sed
1080 4661 1156 4704 cum
1173 4640 1245 4702 dies
1262 4639 1323 4702 erit
1339 4638 1416 4712 irae,
1453 4633 1462 4714 l

1006 4737 1103 4800 nobis
1120 4736 1232 4799 confer
1250 4746 1283 4799 et
1301 4735 1420 4816 largire

1052 4832 1256 4916 sempiterna
1272 4827 1421 4915 gaudia]

372 4931 382 4970 1
398 4933 418 4971 a
450 4916 476 4971 O
490 4915 590 4986 spinae
604 4917 741 4987 Lunden,
753 4936 816 4974 vers
830 4919 903 4974 faux.

371 5041 410 5095 Le
424 5049 498 5096 texte
511 5049 555 5096 est
568 5039 713 5113 identique
726 5042 798 5100 dans
812 5044 950 5114 Hasm'en.
