4096 5794
485 504 556 596 584
774 521 916 573 mosne
944 520 1148 570 accrasma
1175 519 1453 572 esansumusm

502 715 532 766 17
554 701 636 755 Cette
648 700 775 754 clausule
792 709 820 753 et
842 700 870 753 la
883 699 1013 753 suivante
1026 706 1182 768 manquent
1195 697 1268 752 dans
1283 697 1338 752 CB.
1372 698 1409 752 Et
1422 699 1505 752 nobis
1524 707 1554 752 tu
1567 697 1741 769 supplicibus

483 781 535 835 CF
538 782 580 833 W.
612 778 838 850 supplicantibus
852 780 904 833 CC.

502 861 533 915 18
553 861 618 915 Tibi
633 859 690 914 OF.
704 859 764 914 cA.
778 858 830 914 CC.
842 859 900 913 CI).
914 859 971 912 ΟΕ.
989 858 1044 911 CF.
1076 867 1157 912 sonet
1171 857 1233 910 [Ν.
1266 858 1375 926 integer
1387 858 1448 912 OB.

665 1127 749 1212 416.
782 1121 856 1193 DE
887 1119 1111 1194 SANCTA
1141 1119 1552 1196 ETHELDREDA.

508 1357 531 1403 1.
555 1339 669 1402 Aurea
687 1339 835 1400 Paradisi
853 1327 993 1404 rutilans
1010 1338 1115 1421 portis
1136 1349 1255 1417 castra,

504 1453 530 1498 2.
556 1435 663 1500 Simul
680 1445 713 1499 et
729 1437 897 1518 terrigena
913 1437 1016 1519 ampli
1032 1437 1101 1499 arvi
1124 1437 1233 1499 omnis
1250 1436 1358 1514 turba,

504 1579 531 1641 3.
556 1562 675 1629 Celsae
689 1561 815 1645 gloriae
832 1563 1018 1646 hymnitlua
1034 1561 1180 1627 melodia
1200 1563 1412 1646 splendentia
1428 1563 1522 1629 festa.

503 1679 533 1738 4.
558 1661 677 1724 Matris
696 1661 850 1742 inclytae,
867 1659 989 1724 Christi
1006 1680 1149 1742 sponsae
1165 1659 1381 1740 castissimae,
1410 1661 1634 1725 Etheldredae
1651 1681 1740 1724 nunc

613 1769 746 1836 canant,

506 1903 531 1970 5.
558 1889 712 1953 Feliciter
731 1911 818 1973 quae
840 1890 978 1954 rutilans
995 1890 1160 1972 dignitate
1182 1889 1378 1972 angelorum
1401 1909 1474 1952 esse
1494 1889 1592 1966 laeta,

503 1991 532 2052 6.
557 1987 752 2052 Sublimiter
768 1990 970 2053 renitescens
986 1986 1263 2069 archangelorum
1280 1996 1359 2052 ovat
1372 1988 1458 2050 inter
1469 1988 1603 2070 gaudia,

504 2133 532 2198 7.
557 2117 659 2182 Cuius
677 2118 749 2182 laus
766 2119 906 2200 refulget
922 2118 980 2182 alti
1004 2117 1106 2200 Regis
1128 2117 1205 2181 aula
1228 2118 1261 2180 in
1279 2117 1411 2194 caelica,

505 2218 532 2279 8.
558 2215 660 2281 Cuius
676 2227 709 2281 et
730 2217 869 2281 virtutes
890 2237 949 2299 per
969 2225 1132 2300 quaterna
1152 2217 1362 2299 triumphant
1385 2216 1531 2292 climata,

503 2364 532 2426 9.
558 2345 737 2429 Multiplici
753 2347 859 2430 gloria
875 2367 976 2430 quam
994 2347 1146 2412 Christus
1162 2348 1362 2430 frequentat,

487 2460 532 2506 10.
557 2441 688 2508 Sanaos
712 2463 864 2526 quaeque
881 2443 1012 2506 infirma
1028 2452 1061 2507 et
1077 2444 1162 2507 dans
1174 2463 1326 2526 quaeque
1350 2443 1447 2506 bona.

486 2593 532 2639 11.
557 2576 705 2658 Oquam
728 2577 816 2639 clara
833 2576 1025 2640 meritorum
1043 2578 1192 2658 praemia

486 2690 531 2735 12.
556 2672 662 2753 Virgo
678 2681 711 2735 et
732 2673 846 2753 regina
862 2681 954 2735 tenet
972 2672 1187 2748 Etheldreda,

485 2821 529 2884 13·
556 2805 720 2866 Enarrare
737 2812 850 2866 nostra
869 2822 936 2865 non
957 2803 1047 2867 valet
1063 2804 1185 2886 lingua.

486 2919 532 2980 14.
556 2900 665 2978 Salve,
687 2908 793 2964 mater
815 2908 916 2976 casta,
933 2899 1031 2964 laude
1055 2901 1205 2976 honesta,

484 3047 529 3113 15.
555 3030 647 3113 Agni
664 3049 806 3112 sequens
823 3029 964 3112 vestigia
987 3029 1066 3093 celsi
1084 3030 1151 3111 poli
1174 3029 1314 3093 auriflua
1337 3049 1396 3112 per
1419 3049 1507 3106 arva,

483 3133 527 3193 16.
552 3128 663 3192 Voces
686 3135 817 3190 nostras
840 3125 1045 3189 humillimas
1066 3127 1143 3190 audi
1166 3124 1322 3204 clemens,
1342 3125 1477 3192 Christo
1493 3143 1621 3208 nosque
1648 3143 1738 3187 com-

612 3223 744 3300 menda,
842 3287 845 3292 ,

483 3371 529 3433 17.
553 3351 667 3417 Gloria
684 3352 746 3416 Cui
766 3371 885 3434 perpes
909 3350 951 3414 sit
971 3371 1030 3433 per
1049 3349 1190 3414 saecula.

514 3502 708 3550 Manuserit.
731 3496 941 3549 CnltrtRmGE:
961 3495 1032 3548 Bibl.
1046 3495 1083 3549 de
1096 3493 1289 3561 l'Universite,
1299 3493 1495 3565 Sequentiaire
1509 3493 1545 3549 de
1562 3495 1662 3564 Cerne,
1675 3511 1739 3550 vers

482 3591 556 3642 1400,
573 3576 628 3628 CB.

516 3716 524 3752 1
548 3709 641 3753 castra
651 3711 694 3754 est
708 3699 855 3754 conside're
869 3699 904 3754 ici
918 3717 1030 3755 comme
1044 3719 1081 3754 un
1096 3701 1214 3756 feminin
1225 3702 1360 3772 singulier
1374 3721 1381 3768 ;
1393 3701 1512 3755 rutilans
1525 3711 1568 3756 est
1579 3711 1695 3756 correct.

511 3796 528 3848 9
546 3780 641 3850 qufa)s
658 3779 762 3834 Christi
776 3781 957 3850 frequentant
972 3779 1028 3834 CB.

497 3875 526 3912 12
547 3871 648 3915 tenens
666 3860 722 3914 CB.

686 4095 770 4166 417.
804 4075 879 4145 DE
908 4073 979 4147 SS.
1005 4073 1191 4147 PETRO
1222 4075 1295 4148 ET
1327 4075 1521 4154 PAVLO.

496 4327 520 4371 1.
547 4304 696 4387 Agmina
712 4302 802 4366 laeta
819 4301 983 4386 plaudant
999 4302 1134 4380 caelica,

495 4454 521 4499 2.
546 4434 661 4498 Aurea
677 4432 739 4496 hac
756 4431 839 4510 luce,
855 4452 957 4514 quam
974 4442 1084 4497 sacrat
1100 4432 1160 4497 lux
1177 4433 1373 4515 apostolica,

493 4549 520 4612 3.
545 4531 658 4614 Quam
678 4529 765 4594 Petri
784 4529 945 4612 Paulique
961 4549 1123 4612 germana
1140 4531 1278 4595 decorat
1294 4531 1416 4596 laurea.

488 4685 518 4745 4.
544 4665 632 4727 Nam
651 4665 767 4774 Petrus
785 4661 1005 4741 Catholicam,
1033 4673 1106 4728 toto
1133 4665 1214 4728 orbe
1241 4667 1397 4748 positam,
1420 4667 1483 4730 sub
1500 4665 1634 4731 Christo
1651 4667 1737 4748 regit

490 4872 514 4938 5.
542 4760 793 5018 Ωυέηςιςξὲἱιῗε
805 4809 966 4918 'sublimia
984 4856 1159 4923 fundatam
1178 4879 1237 4946 per
1254 4861 1417 4947 dogmata
1435 4862 1477 4925 ad
1495 4881 1597 4948 regna
1617 4883 1737 4948 prove-

622 4954 791 5045 hwmm
