4116 5784
491 511 563 600 378
768 523 909 578 raosau
937 527 1139 580 necunsmn
1167 528 1489 583 snvnnucransrs

780 731 864 818 263.
895 723 968 798 DE
1000 722 1226 801 SANCTO
1255 724 1464 800 ELlGlO.

795 915 808 960 l

533 1031 699 1114 Eligentis
715 1042 748 1099 et
764 1034 861 1099 electi

531 1148 654 1193 nomen
671 1131 798 1196 habens
815 1133 958 1198 formam
975 1134 1055 1199 recti

574 1225 683 1290 tenuit
699 1227 837 1310 Eligius.

533 1321 625 1384 Prior
641 1321 734 1386 Deus
749 1323 838 1388 hunc
854 1323 966 1407 elegit,

530 1425 565 1481 et
580 1415 705 1482 electus
721 1439 757 1484 se
771 1419 908 1503 collegit

575 1515 608 1578 in
625 1515 737 1580 Deum
754 1517 934 1582 ardentius,

793 1672 812 1717 2

533 1791 628 1874 Opus
645 1793 772 1856 cudens
787 1792 841 1858 hic
858 1792 976 1858 fabrile

531 1887 778 1970 contemplatus
793 1898 844 1953 est
860 1889 982 1953 subtile

497 2029 501 2038 .
575 1981 707 2046 Summi
726 1983 825 2048 Fabri
841 1985 1000 2062 studium,

531 2077 642 2141 Deum
659 2079 776 2142 videns
793 2080 825 2143 in
843 2080 972 2146 factura

530 2193 639 2237 rerum
657 2173 738 2257 legit
755 2175 787 2237 in
805 2174 910 2259 figura

575 2269 684 2353 Figuli
700 2272 890 2354 vestigium.

793 2427 810 2491 3

532 2546 617 2627 Regi
635 2547 783 2622 formans
800 2569 858 2612 vas
874 2569 918 2612 ex
935 2569 1017 2614 auro

529 2651 656 2706 certum
674 2645 817 2726 sumpsit
833 2666 876 2709 ex
894 2643 1051 2710 thesauro

573 2747 606 2800 et
622 2739 755 2821 pondus
772 2749 805 2804 et
822 2742 975 2824 pretium,

531 2833 615 2897 Auri
632 2835 765 2917 pondus
782 2837 980 2918 duplicatur,

470 3011 473 3018 Ι
531 2933 563 2996 ἰη
580 2932 644 2997 hoc
661 2933 728 2996 duo
745 2955 805 2998 rex
822 2935 984 2999 miratur:

574 3031 706 3112 pondus
723 3041 756 3096 et
772 3032 954 3114 ingenium.

1420 919 1443 981 4

1164 1035 1353 1102 Sanctitate
1368 1039 1418 1100 vir
1433 1038 1573 1120 insignis

1161 1133 1242 1198 dum
1258 1135 1419 1198 virtutum
1436 1133 1539 1198 claret
1555 1133 1660 1216 signis

1153 1301 1156 1308 Δ
1206 1229 1360 1312 pontifex
1376 1230 1530 1313 eligitur;

1161 1325 1372 1409 Temporalis
1388 1325 1480 1389 faber
1496 1325 1582 1408 regis

1162 1421 1205 1485 ab
1220 1431 1357 1486 aeterno
1374 1423 1468 1504 Rege
1480 1423 1593 1504 gregis

1207 1527 1323 1601 pastor
1338 1518 1530 1582 instituitur.

1424 1670 1439 1736 5
1535 1647 1536 1652 ,

1162 1793 1244 1859 Sese
1260 1793 1390 1858 fabrum
1408 1803 1441 1858 et
1458 1802 1627 1877 pastorem

1160 1909 1220 1973 per
1235 1890 1421 1954 doctrinam
1439 1899 1472 1954 et
1488 1909 1636 1954 amorem

1150 2023 1153 2030 ,
1201 1967 1341 2048 exhibet
1357 1985 1530 2050 fidelium:

1160 2081 1275 2145 Verbo
1291 2081 1392 2157 faber,
1408 2089 1523 2164 pastor
1537 2080 1616 2157 vita,

1159 2177 1213 2241 via
1228 2197 1363 2241 currens
1380 2177 1542 2260 expedita

1203 2273 1451 2338 consummavit
1467 2271 1623 2338 stadium.

1421 2415 1443 2476 6

1164 2550 1271 2628 Pater,
1287 2549 1369 2617 nulli
1386 2551 1590 2633 peregrinus,

1160 2643 1342 2727 peregrinis
1358 2645 1425 2706 tuis
1440 2645 1531 2707 sinus

1203 2741 1293 2823 aperi
1310 2741 1507 2806 clementiae
1524 2763 1531 2819 ;

1160 2837 1226 2920 Qui
1244 2857 1310 2900 non
1329 2857 1432 2918 negas
1448 2857 1547 2920 opem
1565 2838 1681 2915 brutis,

1158 2953 1244 3014 auge
1261 2933 1356 2996 nobis
1372 2953 1466 3014 spem
1484 2933 1610 3008 salutis,

1204 3031 1413 3095 medicamen
1430 3031 1554 3095 veniae.

504 3223 718 3356 Ιὲλῗτιηριεοτιῐ.
741 3219 855 3274 Panis:
876 3217 949 3273 Bibl.
973 3219 1001 3273 S.
1023 3215 1196 3286 Geneviove,
1217 3217 1326 3271 rBBL
1339 3231 1379 3285 rr,
1402 3214 1502 3270 Missel
1517 3213 1553 3269 de
1575 3213 1677 3284 Senlis,
1699 3221 1746 3268 rrve

488 3317 510 3353 ει
530 3317 581 3369 ce,
623 3342 629 3356 .

523 3465 573 3504 za
605 3451 685 3521 Opus
699 3449 799 3505 videns
811 3451 979 3505 Ambianen.
993 3449 1161 3504 Novr’omen.
1194 3449 1275 3520 Opus
1294 3448 1416 3503 fundens
1436 3447 1574 3503 Redonen.
1593 3464 1621 3502 e
1648 3463 1743 3502 verum

488 3533 572 3604 elegit
583 3534 671 3604 figura
684 3535 821 3590 Redonen.

524 3619 575 3682 3b
605 3615 642 3669 de
654 3616 787 3670 thesauro
800 3615 937 3668 Redonen.
969 3631 987 3668 o
1014 3613 1126 3684 pondus
1139 3622 1225 3684 atque
1239 3613 1450 3681 Barocennns.
1480 3629 1497 3666 e
1527 3611 1555 3666 in
1579 3611 1650 3666 haec
1674 3611 1744 3664 Am·

488 3695 596 3750 bianen.
628 3697 685 3750 duo
698 3712 821 3766 marique
831 3695 903 3750 dans
923 3695 950 3750 V.

525 3788 573 3844 sa
605 3776 662 3832 Sed
675 3794 706 3832 se
726 3778 753 3833 V.
769 3777 956 3831 Silvanecleru
1051 3823 1054 3828 .

523 3861 568 3915 61
598 3861 770 3916 medicinam
790 3861 817 3914 V.
833 3859 1023 3914 Silvanecten.
1042 3859 1193 3913 Tornaccn.
1226 3856 1369 3912 medicina
1381 3856 1595 3926 saracenum,
1609 3855 1745 3911 Redonum

492 4151 574 4236 264.
598 4143 674 4217 DE
688 4139 965 4217 S.REGVLO
982 4138 1254 4226 EPlSCOPO
1273 4134 1742 4213 SlLVANECTENSl.

797 4393 809 4438 1

576 4509 711 4572 Laudes
727 4509 776 4572 tui
793 4509 955 4592 praesulis

575 4604 727 4668 altisonis
745 4604 889 4668 modulis

577 4720 686 4782 pange
703 4699 821 4764 cohors
839 4701 963 4782 inclyta
981 4722 988 4778 ;

579 4795 781 4860 Recolamus
797 4797 921 4879 pariter

579 4891 757 4956 recolenda
774 4893 895 4975 iugiter

577 4988 662 5052 tanti
679 4989 782 5070 patris
800 4989 925 5052 merita.

1423 4388 1441 4434 2

1082 4483 1084 4488 Ι
1206 4505 1273 4570 Hic
1289 4511 1339 4568 est
1357 4503 1413 4566 ille
1430 4501 1580 4585 Regulus
1631 4580 1645 4588 Ι,

1206 4601 1259 4664 cui
1276 4589 1374 4663 dedit
1385 4597 1569 4680 discipulus

1208 4695 1284 4760 fidei
1301 4695 1493 4778 primordia,

1207 4791 1273 4875 Qui
1289 4790 1431 4854 dilectus
1447 4787 1591 4871 amplius

1204 4887 1318 4950 divina
1334 4884 1508 4948 fecundius

1208 4991 1258 5048 est
1275 4981 1426 5065 perfusus
1442 4978 1558 5062 gratia.
