<?xml version="1.0" encoding="UTF-8"?>
<!DOCTYPE html PUBLIC "-//W3C//DTD XHTML 1.0 Transitional//EN"
    "http://www.w3.org/TR/xhtml1/DTD/xhtml1-transitional.dtd">
<html xmlns="http://www.w3.org/1999/xhtml" xml:lang="en" lang="en">
 <head>
  <title>
</title>
<meta http-equiv="Content-Type" content="text/html;charset=utf-8" />
  <meta name='ocr-system' content='tesseract 3.04.00' />
  <meta name='ocr-capabilities' content='ocr_page ocr_carea ocr_par ocr_line ocrx_word'/>
</head>
<body>
  <div class='ocr_page' id='page_1' title='image "./analectaliturgi00wealgoog/analectaliturgi00wealgoog_0100.png"; bbox 0 0 4094 5796; ppageno 0'>
   <div class='ocr_carea' id='block_1_1' title="bbox 631 524 1263 582">
    <p class='ocr_par' dir='ltr' id='par_1_1' title="bbox 631 524 1263 582">
     <span class='ocr_line' id='line_1_1' title="bbox 631 524 1263 582; baseline 0.008 -5"><span class='ocrx_word' id='word_1_1' title='bbox 631 526 773 580; x_wconf 83' lang='lat' dir='ltr'>PROSAE</span> <span class='ocrx_word' id='word_1_2' title='bbox 805 524 1013 580; x_wconf 79' lang='lat' dir='ltr'>ECCLESIAE</span> <span class='ocrx_word' id='word_1_3' title='bbox 1037 527 1263 582; x_wconf 85' lang='lat' dir='ltr'><strong>LEODIENSIS</strong></span> 
     </span>
    </p>
   </div>
   <div class='ocr_carea' id='block_1_2' title="bbox 520 705 1372 806">
    <p class='ocr_par' dir='ltr' id='par_1_2' title="bbox 520 705 1372 806">
     <span class='ocr_line' id='line_1_2' title="bbox 520 705 1372 806; baseline 0.007 -19"><span class='ocrx_word' id='word_1_4' title='bbox 520 719 578 806; x_wconf 85' lang='lat'><strong>64.</strong></span> <span class='ocrx_word' id='word_1_5' title='bbox 612 713 688 788; x_wconf 92' lang='lat' dir='ltr'><strong>DE</strong></span> <span class='ocrx_word' id='word_1_6' title='bbox 722 713 761 787; x_wconf 90' lang='lat' dir='ltr'><strong>S.</strong></span> <span class='ocrx_word' id='word_1_7' title='bbox 786 712 1057 788; x_wconf 88' lang='lat' dir='ltr'>lOHANNE</span> <span class='ocrx_word' id='word_1_8' title='bbox 1087 705 1372 793; x_wconf 83' lang='lat' dir='ltr'>BAPTISTA.</span> 
     </span>
    </p>
   </div>
   <div class='ocr_carea' id='block_1_3' title="bbox 342 929 1167 1142">
    <p class='ocr_par' dir='ltr' id='par_1_3' title="bbox 342 929 1167 1142">
     <span class='ocr_line' id='line_1_3' title="bbox 345 929 1158 1014; baseline 0.004 -21"><span class='ocrx_word' id='word_1_9' title='bbox 345 947 369 994; x_wconf 90' lang='lat'><strong>1.</strong></span> <span class='ocrx_word' id='word_1_10' title='bbox 392 929 516 996; x_wconf 89' lang='lat' dir='ltr'>Christi</span> <span class='ocrx_word' id='word_1_11' title='bbox 533 929 688 1013; x_wconf 87' lang='lat' dir='ltr'><strong>Baptista</strong></span> <span class='ocrx_word' id='word_1_12' title='bbox 704 930 917 1014; x_wconf 88' lang='lat' dir='ltr'><strong>permaxima</strong></span> <span class='ocrx_word' id='word_1_13' title='bbox 934 931 1051 994; x_wconf 92' lang='lat' dir='ltr'><strong>mundi</strong></span> <span class='ocrx_word' id='word_1_14' title='bbox 1068 932 1158 996; x_wconf 89' lang='lat' dir='ltr'><strong>dona</strong></span> 
     </span>
     <span class='ocr_line' id='line_1_4' title="bbox 342 1059 1167 1142; baseline 0.004 -18"><span class='ocrx_word' id='word_1_15' title='bbox 342 1077 369 1125; x_wconf 86' lang='lat'><strong>2.</strong></span> <span class='ocrx_word' id='word_1_16' title='bbox 392 1060 507 1124; x_wconf 92' lang='lat' dir='ltr'><strong>Natali</strong></span> <span class='ocrx_word' id='word_1_17' title='bbox 524 1081 585 1123; x_wconf 90' lang='lat' dir='ltr'><strong>suo</strong></span> <span class='ocrx_word' id='word_1_18' title='bbox 602 1059 791 1124; x_wconf 85' lang='lat' dir='ltr'><strong>accumulat</strong></span> <span class='ocrx_word' id='word_1_19' title='bbox 806 1061 939 1142; x_wconf 85' lang='lat' dir='ltr'><strong>gaudiis</strong></span> <span class='ocrx_word' id='word_1_20' title='bbox 956 1059 1167 1128; x_wconf 88' lang='lat' dir='ltr'><strong>celebranda.</strong></span> 
     </span>
    </p>
   </div>
   <div class='ocr_carea' id='block_1_4' title="bbox 342 1189 1075 1369">
    <p class='ocr_par' dir='ltr' id='par_1_4' title="bbox 342 1189 1075 1369">
     <span class='ocr_line' id='line_1_5' title="bbox 344 1189 1075 1272; baseline -0.007 -15"><span class='ocrx_word' id='word_1_21' title='bbox 344 1209 370 1272; x_wconf 84' lang='lat'><strong>3.</strong></span> <span class='ocrx_word' id='word_1_22' title='bbox 394 1190 549 1257; x_wconf 86' lang='lat' dir='ltr'><strong>Sterilem</strong></span> <span class='ocrx_word' id='word_1_23' title='bbox 567 1201 709 1254; x_wconf 90' lang='lat' dir='ltr'><strong>matrem</strong></span> <span class='ocrx_word' id='word_1_24' title='bbox 727 1192 869 1256; x_wconf 88' lang='lat' dir='ltr'><strong>reddens</strong></span> <span class='ocrx_word' id='word_1_25' title='bbox 886 1189 1075 1268; x_wconf 84' lang='lat' dir='ltr'><strong>secundam,</strong></span> 
     </span>
     <span class='ocr_line' id='line_1_6' title="bbox 342 1285 1026 1369; baseline -0.004 -18"><span class='ocrx_word' id='word_1_26' title='bbox 342 1305 371 1367; x_wconf 86' lang='lat'><em>4</em></span> <span class='ocrx_word' id='word_1_27' title='bbox 396 1288 505 1351; x_wconf 91' lang='lat' dir='ltr'><strong>Patris</strong></span> <span class='ocrx_word' id='word_1_28' title='bbox 521 1297 554 1350; x_wconf 88' lang='lat' dir='ltr'><strong>et</strong></span> <span class='ocrx_word' id='word_1_29' title='bbox 571 1287 706 1369; x_wconf 89' lang='lat' dir='ltr'>linguae</span> <span class='ocrx_word' id='word_1_30' title='bbox 722 1287 855 1351; x_wconf 89' lang='lat' dir='ltr'><strong>solvens</strong></span> <span class='ocrx_word' id='word_1_31' title='bbox 871 1285 1026 1364; x_wconf 89' lang='lat' dir='ltr'><strong>vincula;</strong></span> 
     </span>
    </p>
   </div>
   <div class='ocr_carea' id='block_1_5' title="bbox 344 1415 1133 1595">
    <p class='ocr_par' dir='ltr' id='par_1_5' title="bbox 344 1415 1133 1595">
     <span class='ocr_line' id='line_1_7' title="bbox 346 1415 1133 1499; baseline -0.003 -18"><span class='ocrx_word' id='word_1_32' title='bbox 346 1429 370 1496; x_wconf 84' lang='grc'><strong>5.</strong></span> <span class='ocrx_word' id='word_1_33' title='bbox 395 1415 597 1481; x_wconf 88' lang='lat' dir='ltr'><strong>Sanctorum</strong></span> <span class='ocrx_word' id='word_1_34' title='bbox 615 1417 734 1480; x_wconf 89' lang='lat' dir='ltr'><strong>merita</strong></span> <span class='ocrx_word' id='word_1_35' title='bbox 749 1426 783 1480; x_wconf 89' lang='lat' dir='ltr'><strong>et</strong></span> <span class='ocrx_word' id='word_1_36' title='bbox 798 1436 994 1499; x_wconf 90' lang='lat' dir='ltr'><strong>superorum</strong></span> <span class='ocrx_word' id='word_1_37' title='bbox 1012 1425 1133 1480; x_wconf 89' lang='lat' dir='ltr'><strong>cuncta</strong></span> 
     </span>
     <span class='ocr_line' id='line_1_8' title="bbox 344 1511 1053 1595; baseline 0.001 -19"><span class='ocrx_word' id='word_1_38' title='bbox 344 1514 372 1577; x_wconf 93' lang='lat'><strong>6.</strong></span> <span class='ocrx_word' id='word_1_39' title='bbox 395 1512 463 1595; x_wconf 86' lang='lat' dir='ltr'><strong>Qui</strong></span> <span class='ocrx_word' id='word_1_40' title='bbox 480 1511 570 1576; x_wconf 89' lang='lat' dir='ltr'><strong>solus</strong></span> <span class='ocrx_word' id='word_1_41' title='bbox 587 1513 714 1578; x_wconf 90' lang='lat' dir='ltr'><strong>indicat</strong></span> <span class='ocrx_word' id='word_1_42' title='bbox 733 1515 869 1576; x_wconf 91' lang='lat' dir='ltr'><strong>nomine</strong></span> <span class='ocrx_word' id='word_1_43' title='bbox 885 1521 919 1576; x_wconf 88' lang='lat' dir='ltr'><strong>et</strong></span> <span class='ocrx_word' id='word_1_44' title='bbox 935 1513 1053 1594; x_wconf 85' lang='lat' dir='ltr'><strong>gratia.</strong></span> 
     </span>
    </p>
   </div>
   <div class='ocr_carea' id='block_1_6' title="bbox 344 1640 1221 1820">
    <p class='ocr_par' dir='ltr' id='par_1_6' title="bbox 344 1640 1221 1820">
     <span class='ocr_line' id='line_1_9' title="bbox 344 1640 1221 1724; baseline 0.002 -20"><span class='ocrx_word' id='word_1_45' title='bbox 344 1656 371 1722; x_wconf 93' lang='lat'><strong>7.</strong></span> <span class='ocrx_word' id='word_1_46' title='bbox 394 1640 505 1723; x_wconf 84' lang='lat' dir='ltr'>Quem</span> <span class='ocrx_word' id='word_1_47' title='bbox 524 1641 673 1703; x_wconf 93' lang='lat' dir='ltr'><strong>nondum</strong></span> <span class='ocrx_word' id='word_1_48' title='bbox 691 1641 817 1705; x_wconf 87' lang='lat' dir='ltr'><strong>viscera</strong></span> <span class='ocrx_word' id='word_1_49' title='bbox 834 1651 986 1705; x_wconf 91' lang='lat' dir='ltr'><strong>materna</strong></span> <span class='ocrx_word' id='word_1_50' title='bbox 1002 1640 1221 1724; x_wconf 82' lang='lat' dir='ltr'>profuderant</span> 
     </span>
     <span class='ocr_line' id='line_1_10' title="bbox 344 1735 1214 1820; baseline 0.002 -20"><span class='ocrx_word' id='word_1_51' title='bbox 344 1739 371 1801; x_wconf 90' lang='lat'><strong>8.</strong></span> <span class='ocrx_word' id='word_1_52' title='bbox 396 1737 441 1800; x_wconf 89' lang='lat' dir='ltr'><strong>Et</strong></span> <span class='ocrx_word' id='word_1_53' title='bbox 457 1735 628 1802; x_wconf 87' lang='lat' dir='ltr'><strong>Christum</strong></span> <span class='ocrx_word' id='word_1_54' title='bbox 647 1738 679 1799; x_wconf 92' lang='lat' dir='ltr'><strong>in</strong></span> <span class='ocrx_word' id='word_1_55' title='bbox 696 1737 773 1800; x_wconf 89' lang='lat' dir='ltr'><strong>aula</strong></span> <span class='ocrx_word' id='word_1_56' title='bbox 790 1747 941 1801; x_wconf 87' lang='lat' dir='ltr'><strong>materna</strong></span> <span class='ocrx_word' id='word_1_57' title='bbox 959 1749 1191 1820; x_wconf 87' lang='lat' dir='ltr'><strong>praesenserat</strong></span> <span class='ocrx_word' id='word_1_58' title='bbox 1207 1761 1214 1816; x_wconf 90' lang='lat'>;</span> 
     </span>
    </p>
   </div>
   <div class='ocr_carea' id='block_1_7' title="bbox 327 1855 1168 2035">
    <p class='ocr_par' dir='ltr' id='par_1_7' title="bbox 327 1855 1168 2035">
     <span class='ocr_line' id='line_1_11' title="bbox 343 1855 1076 1939; baseline -0.007 -19"><span class='ocrx_word' id='word_1_59' title='bbox 343 1874 371 1936; x_wconf 88' lang='lat'><strong>9.</strong></span> <span class='ocrx_word' id='word_1_60' title='bbox 394 1855 638 1938; x_wconf 85' lang='lat' dir='ltr'><strong>Archangelus‚</strong></span> <span class='ocrx_word' id='word_1_61' title='bbox 654 1857 803 1939; x_wconf 88' lang='lat' dir='ltr'>angelus,</span> <span class='ocrx_word' id='word_1_62' title='bbox 819 1856 1020 1935; x_wconf 86' lang='lat' dir='ltr'><strong>patriarcha,</strong></span> <span class='ocrx_word' id='word_1_63' title='bbox 1075 1911 1076 1915; x_wconf 75' lang='grc'>,</span> 
     </span>
     <span class='ocr_line' id='line_1_12' title="bbox 327 1951 1168 2035; baseline 0.001 -19"><span class='ocrx_word' id='word_1_64' title='bbox 327 1968 371 2016; x_wconf 92' lang='lat'><strong>10.</strong></span> <span class='ocrx_word' id='word_1_65' title='bbox 394 1952 509 2028; x_wconf 76' lang='lat' dir='ltr'><strong>VateS,</strong></span> <span class='ocrx_word' id='word_1_66' title='bbox 525 1952 698 2035; x_wconf 89' lang='lat' dir='ltr'><strong>propheta,</strong></span> <span class='ocrx_word' id='word_1_67' title='bbox 714 1973 753 2015; x_wconf 87' lang='lat' dir='ltr'><strong>ac</strong></span> <span class='ocrx_word' id='word_1_68' title='bbox 769 1951 844 2034; x_wconf 94' lang='lat' dir='ltr'><strong>plus</strong></span> <span class='ocrx_word' id='word_1_69' title='bbox 861 1972 963 2034; x_wconf 94' lang='lat' dir='ltr'><strong>quam</strong></span> <span class='ocrx_word' id='word_1_70' title='bbox 981 1953 1146 2035; x_wconf 91' lang='lat' dir='ltr'><strong>propheta</strong></span> <span class='ocrx_word' id='word_1_71' title='bbox 1161 1977 1168 2032; x_wconf 90' lang='lat'>;</span> 
     </span>
    </p>
   </div>
   <div class='ocr_carea' id='block_1_8' title="bbox 329 2081 1417 2262">
    <p class='ocr_par' dir='ltr' id='par_1_8' title="bbox 329 2081 1417 2262">
     <span class='ocr_line' id='line_1_13' title="bbox 329 2081 1417 2170; baseline 0.006 -26"><span class='ocrx_word' id='word_1_72' title='bbox 329 2098 373 2146; x_wconf 88' lang='lat'><strong>11.</strong></span> <span class='ocrx_word' id='word_1_73' title='bbox 396 2081 487 2160; x_wconf 87' lang='lat' dir='ltr'>Vox,</span> <span class='ocrx_word' id='word_1_74' title='bbox 503 2081 607 2145; x_wconf 88' lang='lat' dir='ltr'>index</span> <span class='ocrx_word' id='word_1_75' title='bbox 624 2092 657 2146; x_wconf 87' lang='lat' dir='ltr'><strong>et</strong></span> <span class='ocrx_word' id='word_1_76' title='bbox 673 2103 802 2164; x_wconf 88' lang='lat' dir='ltr'><strong>praeco,</strong></span> <span class='ocrx_word' id='word_1_77' title='bbox 819 2082 984 2160; x_wconf 89' lang='lat' dir='ltr'><strong>sacerdos,</strong></span> <span class='ocrx_word' id='word_1_78' title='bbox 999 2103 1195 2166; x_wconf 89' lang='lat' dir='ltr'>praecursor</span> <span class='ocrx_word' id='word_1_79' title='bbox 1211 2095 1244 2150; x_wconf 89' lang='lat' dir='ltr'><strong>et</strong></span> <span class='ocrx_word' id='word_1_80' title='bbox 1261 2087 1417 2170; x_wconf 88' lang='lat' dir='ltr'><strong>baptista,</strong></span> 
     </span>
     <span class='ocr_line' id='line_1_14' title="bbox 330 2176 1231 2262; baseline 0.006 -22"><span class='ocrx_word' id='word_1_81' title='bbox 330 2195 375 2242; x_wconf 88' lang='lat'><strong>12.</strong></span> <span class='ocrx_word' id='word_1_82' title='bbox 398 2177 540 2242; x_wconf 87' lang='lat' dir='ltr'><strong>Necnon</strong></span> <span class='ocrx_word' id='word_1_83' title='bbox 557 2177 740 2260; x_wconf 90' lang='lat' dir='ltr'><strong>apostolus,</strong></span> <span class='ocrx_word' id='word_1_84' title='bbox 755 2179 857 2241; x_wconf 91' lang='lat' dir='ltr'><strong>eremi</strong></span> <span class='ocrx_word' id='word_1_85' title='bbox 873 2176 991 2256; x_wconf 88' lang='lat' dir='ltr'><strong>cultor,</strong></span> <span class='ocrx_word' id='word_1_86' title='bbox 1006 2181 1209 2245; x_wconf 84' lang='lat' dir='ltr'><strong>anachoreta</strong></span> <span class='ocrx_word' id='word_1_87' title='bbox 1224 2203 1231 2262; x_wconf 83' lang='lat'>3</span> 
     </span>
    </p>
   </div>
   <div class='ocr_carea' id='block_1_9' title="bbox 331 2307 1583 2680">
    <p class='ocr_par' dir='ltr' id='par_1_9' title="bbox 331 2307 1583 2487">
     <span class='ocr_line' id='line_1_15' title="bbox 331 2307 1583 2395; baseline 0.005 -23"><span class='ocrx_word' id='word_1_88' title='bbox 331 2325 376 2389; x_wconf 81' lang='lat'><strong>13.</strong></span> <span class='ocrx_word' id='word_1_89' title='bbox 400 2307 522 2391; x_wconf 87' lang='lat' dir='ltr'><strong>Sponsi</strong></span> <span class='ocrx_word' id='word_1_90' title='bbox 539 2309 582 2372; x_wconf 89' lang='lat' dir='ltr'><strong>ad</strong></span> <span class='ocrx_word' id='word_1_91' title='bbox 598 2307 723 2390; x_wconf 87' lang='lat' dir='ltr'><strong>gaudia</strong></span> <span class='ocrx_word' id='word_1_92' title='bbox 738 2307 1015 2372; x_wconf 88' lang='lat' dir='ltr'><strong>collaetabundus</strong></span> <span class='ocrx_word' id='word_1_93' title='bbox 1031 2309 1167 2387; x_wconf 87' lang='lat' dir='ltr'><strong>amicus¹</strong></span> <span class='ocrx_word' id='word_1_94' title='bbox 1178 2321 1256 2374; x_wconf 91' lang='lat' dir='ltr'><strong>vota</strong></span> <span class='ocrx_word' id='word_1_95' title='bbox 1266 2313 1353 2376; x_wconf 91' lang='lat' dir='ltr'><strong>votis</strong></span> <span class='ocrx_word' id='word_1_96' title='bbox 1370 2308 1583 2395; x_wconf 77' lang='lat' dir='ltr'><strong>ingeminans</strong></span> 
     </span>
     <span class='ocr_line' id='line_1_16' title="bbox 458 2406 883 2487; baseline 0.005 -20"><span class='ocrx_word' id='word_1_97' title='bbox 458 2406 522 2487; x_wconf 91' lang='lat' dir='ltr'><strong>pia,</strong></span> <span class='ocrx_word' id='word_1_98' title='bbox 876 2472 883 2480; x_wconf 71' lang='grc'>,</span> 
     </span>
    </p>

    <p class='ocr_par' dir='ltr' id='par_1_10' title="bbox 333 2499 1583 2680">
     <span class='ocr_line' id='line_1_17' title="bbox 333 2499 1583 2586; baseline 0.006 -23"><span class='ocrx_word' id='word_1_99' title='bbox 333 2518 379 2580; x_wconf 90' lang='lat'><strong>14</strong></span> <span class='ocrx_word' id='word_1_100' title='bbox 405 2500 698 2584; x_wconf 85' lang='lat' dir='ltr'><strong>Evangelistaque,</strong></span> <span class='ocrx_word' id='word_1_101' title='bbox 707 2501 811 2583; x_wconf 83' lang='lat' dir='ltr'><strong>virge,</strong></span> <span class='ocrx_word' id='word_1_102' title='bbox 827 2499 998 2564; x_wconf 86' lang='lat' dir='ltr'><strong>confessor</strong></span> <span class='ocrx_word' id='word_1_103' title='bbox 1014 2509 1047 2565; x_wconf 89' lang='lat' dir='ltr'><strong>et</strong></span> <span class='ocrx_word' id='word_1_104' title='bbox 1057 2502 1307 2586; x_wconf 88' lang='lat' dir='ltr'><strong>paranimphus,</strong></span> <span class='ocrx_word' id='word_1_105' title='bbox 1317 2505 1437 2570; x_wconf 89' lang='lat' dir='ltr'><strong>ardens</strong></span> <span class='ocrx_word' id='word_1_106' title='bbox 1455 2503 1583 2570; x_wconf 90' lang='lat' dir='ltr'><strong>lucens·</strong></span> 
     </span>
     <span class='ocr_line' id='line_1_18' title="bbox 458 2596 683 2680; baseline 0.004 -21"><span class='ocrx_word' id='word_1_107' title='bbox 458 2616 524 2680; x_wconf 89' lang='lat' dir='ltr'><strong>que</strong></span> <span class='ocrx_word' id='word_1_108' title='bbox 539 2596 683 2673; x_wconf 84' lang='lat' dir='ltr'><strong>lucerna,</strong></span> 
     </span>
    </p>
   </div>
   <div class='ocr_carea' id='block_1_10' title="bbox 331 2725 1172 2905">
    <p class='ocr_par' dir='ltr' id='par_1_11' title="bbox 331 2725 1172 2905">
     <span class='ocr_line' id='line_1_19' title="bbox 332 2725 1172 2808; baseline 0 -18"><span class='ocrx_word' id='word_1_109' title='bbox 332 2739 375 2807; x_wconf 85' lang='lat'><strong>15.</strong></span> <span class='ocrx_word' id='word_1_110' title='bbox 403 2727 449 2790; x_wconf 88' lang='lat' dir='ltr'><strong>Et</strong></span> <span class='ocrx_word' id='word_1_111' title='bbox 465 2727 626 2790; x_wconf 90' lang='lat' dir='ltr'><strong>virtutum</strong></span> <span class='ocrx_word' id='word_1_112' title='bbox 643 2725 767 2804; x_wconf 90' lang='lat' dir='ltr'><strong>schola,</strong></span> <span class='ocrx_word' id='word_1_113' title='bbox 783 2726 1040 2808; x_wconf 88' lang='lat' dir='ltr'><strong>sanctitatisque</strong></span> <span class='ocrx_word' id='word_1_114' title='bbox 1056 2725 1172 2804; x_wconf 80' lang='lat' dir='ltr'><strong>forma,</strong></span> 
     </span>
     <span class='ocr_line' id='line_1_20' title="bbox 331 2823 1083 2905; baseline 0 -19"><span class='ocrx_word' id='word_1_115' title='bbox 331 2825 375 2886; x_wconf 90' lang='lat'><strong>16.</strong></span> <span class='ocrx_word' id='word_1_116' title='bbox 401 2823 638 2904; x_wconf 81' lang='lat' dir='ltr'><strong>Poenitentum</strong></span> <span class='ocrx_word' id='word_1_117' title='bbox 654 2823 717 2901; x_wconf 90' lang='lat' dir='ltr'><strong>via,</strong></span> <span class='ocrx_word' id='word_1_118' title='bbox 733 2831 948 2905; x_wconf 88' lang='lat' dir='ltr'><strong>peccatorum</strong></span> <span class='ocrx_word' id='word_1_119' title='bbox 965 2824 1061 2886; x_wconf 92' lang='lat' dir='ltr'><strong>venia</strong></span> <span class='ocrx_word' id='word_1_120' title='bbox 1075 2843 1083 2901; x_wconf 93' lang='lat'>;</span> 
     </span>
    </p>
   </div>
   <div class='ocr_carea' id='block_1_11' title="bbox 331 2951 1087 3132">
    <p class='ocr_par' dir='ltr' id='par_1_12' title="bbox 331 2951 1087 3132">
     <span class='ocr_line' id='line_1_21' title="bbox 331 2951 1004 3036; baseline -0.003 -21"><span class='ocrx_word' id='word_1_121' title='bbox 331 2967 376 3033; x_wconf 88' lang='lat'><strong>17.</strong></span> <span class='ocrx_word' id='word_1_122' title='bbox 401 2952 551 3036; x_wconf 84' lang='lat' dir='ltr'><strong>Ideoque</strong></span> <span class='ocrx_word' id='word_1_123' title='bbox 567 2971 650 3016; x_wconf 90' lang='lat' dir='ltr'><strong>voce</strong></span> <span class='ocrx_word' id='word_1_124' title='bbox 666 2952 773 3016; x_wconf 90' lang='lat' dir='ltr'><strong>maior</strong></span> <span class='ocrx_word' id='word_1_125' title='bbox 788 2972 807 3014; x_wconf 89' lang='lat' dir='ltr'><strong>e</strong></span> <span class='ocrx_word' id='word_1_126' title='bbox 824 2951 1004 3015; x_wconf 88' lang='lat' dir='ltr'><strong>Dominica</strong></span> 
     </span>
     <span class='ocr_line' id='line_1_22' title="bbox 331 3045 1087 3132; baseline -0.001 -21"><span class='ocrx_word' id='word_1_127' title='bbox 331 3049 377 3112; x_wconf 91' lang='lat'><strong>18.</strong></span> <span class='ocrx_word' id='word_1_128' title='bbox 402 3047 515 3132; x_wconf 80' lang='lat' dir='ltr'><strong>Stirpe</strong></span> <span class='ocrx_word' id='word_1_129' title='bbox 530 3048 726 3132; x_wconf 84' lang='lat' dir='ltr'><strong>progenitus</strong></span> <span class='ocrx_word' id='word_1_130' title='bbox 743 3056 857 3111; x_wconf 89' lang='lat' dir='ltr'><strong>exstat</strong></span> <span class='ocrx_word' id='word_1_131' title='bbox 873 3047 915 3111; x_wconf 92' lang='lat' dir='ltr'><strong>de</strong></span> <span class='ocrx_word' id='word_1_132' title='bbox 931 3045 1087 3124; x_wconf 84' lang='lat' dir='ltr'><strong>feminea,</strong></span> 
     </span>
    </p>
   </div>
   <div class='ocr_carea' id='block_1_12' title="bbox 332 3175 902 3259">
    <p class='ocr_par' dir='ltr' id='par_1_13' title="bbox 332 3175 902 3259">
     <span class='ocr_line' id='line_1_23' title="bbox 332 3175 902 3259; baseline -0.002 -18"><span class='ocrx_word' id='word_1_133' title='bbox 332 3193 377 3259; x_wconf 90' lang='lat'><strong>19.</strong></span> <span class='ocrx_word' id='word_1_134' title='bbox 402 3175 571 3241; x_wconf 92' lang='lat' dir='ltr'><strong>Iohannes</strong></span> <span class='ocrx_word' id='word_1_135' title='bbox 587 3185 705 3240; x_wconf 89' lang='lat' dir='ltr'><strong>auctus</strong></span> <span class='ocrx_word' id='word_1_136' title='bbox 721 3176 755 3240; x_wconf 91' lang='lat' dir='ltr'><strong>in</strong></span> <span class='ocrx_word' id='word_1_137' title='bbox 772 3185 902 3240; x_wconf 91' lang='lat' dir='ltr'><strong>cuncta.</strong></span> 
     </span>
    </p>
   </div>
   <div class='ocr_carea' id='block_1_13' title="bbox 327 3343 1587 3656">
    <p class='ocr_par' dir='ltr' id='par_1_14' title="bbox 327 3343 1587 3656">
     <span class='ocr_line' id='line_1_24' title="bbox 362 3343 1586 3417; baseline 0.001 -15"><span class='ocrx_word' id='word_1_138' title='bbox 362 3351 572 3404; x_wconf 75' lang='lat' dir='ltr'><strong>Manuscrtts.</strong></span> <span class='ocrx_word' id='word_1_139' title='bbox 590 3347 684 3402; x_wconf 76' lang='lat' dir='ltr'><strong>Parus</strong></span> <span class='ocrx_word' id='word_1_140' title='bbox 699 3363 705 3400; x_wconf 76' lang='grc' dir='ltr'><strong>ε</strong></span> <span class='ocrx_word' id='word_1_141' title='bbox 719 3345 791 3401; x_wconf 89' lang='lat' dir='ltr'><strong>Bibl.</strong></span> <span class='ocrx_word' id='word_1_142' title='bbox 807 3345 875 3398; x_wconf 91' lang='lat' dir='ltr'><strong>Nat.</strong></span> <span class='ocrx_word' id='word_1_143' title='bbox 889 3343 950 3412; x_wconf 82' lang='lat'>833,</span> <span class='ocrx_word' id='word_1_144' title='bbox 971 3343 1052 3414; x_wconf 70' lang='lat' dir='ltr'><strong>porte</strong></span> <span class='ocrx_word' id='word_1_145' title='bbox 1072 3359 1124 3414; x_wconf 88' lang='lat' dir='ltr'><strong>par</strong></span> <span class='ocrx_word' id='word_1_146' title='bbox 1145 3360 1240 3398; x_wconf 89' lang='lat' dir='ltr'><strong>erreur</strong></span> <span class='ocrx_word' id='word_1_147' title='bbox 1252 3361 1287 3399; x_wconf 89' lang='lat' dir='ltr'><strong>au</strong></span> <span class='ocrx_word' id='word_1_148' title='bbox 1302 3345 1460 3417; x_wconf 86' lang='lat' dir='ltr'><strong>Catalogue</strong></span> <span class='ocrx_word' id='word_1_149' title='bbox 1474 3365 1586 3403; x_wconf 86' lang='lat' dir='ltr'><strong>comme</strong></span> 
     </span>
     <span class='ocr_line' id='line_1_25' title="bbox 328 3422 1585 3496; baseline 0.002 -16"><span class='ocrx_word' id='word_1_150' title='bbox 328 3425 427 3482; x_wconf 82' lang='lat' dir='ltr'><strong>Missel</strong></span> <span class='ocrx_word' id='word_1_151' title='bbox 439 3427 476 3482; x_wconf 87' lang='lat' dir='ltr'><strong>de</strong></span> <span class='ocrx_word' id='word_1_152' title='bbox 495 3427 584 3496; x_wconf 88' lang='lat' dir='ltr'><strong>Paris,</strong></span> <span class='ocrx_word' id='word_1_153' title='bbox 599 3425 649 3480; x_wconf 79' lang='lat' dir='ltr'><strong>xii·</strong></span> <span class='ocrx_word' id='word_1_154' title='bbox 662 3425 756 3494; x_wconf 70' lang='lat' dir='ltr'><strong>siecle,</strong></span> <span class='ocrx_word' id='word_1_155' title='bbox 772 3425 807 3480; x_wconf 95' lang='lat' dir='ltr'><strong>A.</strong></span> <span class='ocrx_word' id='word_1_156' title='bbox 832 3425 1066 3478; x_wconf 76' lang='lat' dir='ltr'>STONYHURST:</span> <span class='ocrx_word' id='word_1_157' title='bbox 1082 3422 1198 3494; x_wconf 78' lang='lat' dir='ltr'><strong>College</strong></span> <span class='ocrx_word' id='word_1_158' title='bbox 1211 3424 1262 3478; x_wconf 91' lang='lat' dir='ltr'><strong>des</strong></span> <span class='ocrx_word' id='word_1_159' title='bbox 1283 3424 1415 3494; x_wconf 74' lang='lat' dir='ltr'><strong>Jesuites,</strong></span> <span class='ocrx_word' id='word_1_160' title='bbox 1430 3439 1470 3496; x_wconf 85' lang='grc' dir='ltr'><strong>ιν,</strong></span> <span class='ocrx_word' id='word_1_161' title='bbox 1485 3427 1585 3482; x_wconf 89' lang='lat' dir='ltr'><strong>Missel</strong></span> 
     </span>
     <span class='ocr_line' id='line_1_26' title="bbox 327 3501 1587 3656; baseline 0.002 -96"><span class='ocrx_word' id='word_1_162' title='bbox 327 3505 478 3656; x_wconf 50' lang='grc' dir='ltr'><strong>εὲῐὲιίξξὲ,</strong></span> <span class='ocrx_word' id='word_1_163' title='bbox 489 3520 582 3641; x_wconf 55' lang='lat' dir='ltr'><strong>Brrcpa,</strong></span> <span class='ocrx_word' id='word_1_164' title='bbox 603 3507 661 3561; x_wconf 90' lang='lat' dir='ltr'><strong>ST.</strong></span> <span class='ocrx_word' id='word_1_165' title='bbox 689 3507 899 3560; x_wconf 72' lang='lat' dir='ltr'><strong>Bauxannus:</strong></span> <span class='ocrx_word' id='word_1_166' title='bbox 923 3501 995 3557; x_wconf 92' lang='lat' dir='ltr'><strong>Bibl.</strong></span> <span class='ocrx_word' id='word_1_167' title='bbox 1017 3503 1103 3572; x_wconf 91' lang='lat' dir='ltr'>Roy.,</span> <span class='ocrx_word' id='word_1_168' title='bbox 1126 3503 1220 3573; x_wconf 86' lang='lat'>18125‚</span> <span class='ocrx_word' id='word_1_169' title='bbox 1242 3505 1342 3560; x_wconf 87' lang='lat' dir='ltr'><strong>Missel</strong></span> <span class='ocrx_word' id='word_1_170' title='bbox 1355 3505 1392 3561; x_wconf 85' lang='lat' dir='ltr'><strong>de</strong></span> <span class='ocrx_word' id='word_1_171' title='bbox 1408 3507 1587 3578; x_wconf 85' lang='lat' dir='ltr'><strong>Maastricht,</strong></span> 
     </span>
    </p>

    <p class='ocr_par' dir='ltr' id='par_1_15' title="bbox 471 3629 548 3656">
     <span class='ocr_line' id='line_1_27' title="bbox 471 3629 548 3656; baseline 0 -14"><span class='ocrx_word' id='word_1_172' title='bbox 471 3629 479 3656; x_wconf 91' lang='lat'>,</span> <span class='ocrx_word' id='word_1_173' title='bbox 541 3629 548 3642; x_wconf 95' lang='lat'>.</span> 
     </span>
    </p>
   </div>
   <div class='ocr_carea' id='block_1_14' title="bbox 331 3699 1474 3775">
    <p class='ocr_par' dir='ltr' id='par_1_16' title="bbox 331 3699 1474 3775">
     <span class='ocr_line' id='line_1_28' title="bbox 331 3699 1474 3775; baseline -0.003 -15"><span class='ocrx_word' id='word_1_174' title='bbox 331 3704 410 3760; x_wconf 85' lang='lat' dir='ltr'><strong>Cette</strong></span> <span class='ocrx_word' id='word_1_175' title='bbox 422 3703 502 3775; x_wconf 71' lang='lat' dir='ltr'><strong>piece</strong></span> <span class='ocrx_word' id='word_1_176' title='bbox 514 3713 558 3760; x_wconf 90' lang='lat' dir='ltr'><strong>est</strong></span> <span class='ocrx_word' id='word_1_177' title='bbox 571 3701 720 3775; x_wconf 71' lang='lat' dir='ltr'><strong>imprimee</strong></span> <span class='ocrx_word' id='word_1_178' title='bbox 733 3703 806 3757; x_wconf 87' lang='lat' dir='ltr'><strong>dans</strong></span> <span class='ocrx_word' id='word_1_179' title='bbox 821 3702 1020 3769; x_wconf 68' lang='lat' dir='ltr'><strong>Mlncflsncrr,</strong></span> <span class='ocrx_word' id='word_1_180' title='bbox 1042 3699 1157 3770; x_wconf 82' lang='lat' dir='ltr'><strong>Hymni</strong></span> <span class='ocrx_word' id='word_1_181' title='bbox 1169 3706 1198 3754; x_wconf 83' lang='lat' dir='ltr'><strong>et</strong></span> <span class='ocrx_word' id='word_1_182' title='bbox 1210 3701 1384 3771; x_wconf 65' lang='lat' dir='ltr'><strong>Sequentrizq</strong></span> <span class='ocrx_word' id='word_1_183' title='bbox 1398 3719 1425 3772; x_wconf 90' lang='lat' dir='ltr'><strong>p.</strong></span> <span class='ocrx_word' id='word_1_184' title='bbox 1434 3703 1474 3758; x_wconf 87' lang='lat'><strong>18.</strong></span> 
     </span>
    </p>
   </div>
   <div class='ocr_carea' id='block_1_15' title="bbox 335 3788 1591 4414">
    <p class='ocr_par' dir='ltr' id='par_1_17' title="bbox 365 3788 1214 3864">
     <span class='ocr_line' id='line_1_29' title="bbox 365 3788 1214 3864; baseline -0.005 -16"><span class='ocrx_word' id='word_1_185' title='bbox 365 3805 379 3862; x_wconf 83' lang='grc'>5</span> <span class='ocrx_word' id='word_1_186' title='bbox 398 3809 585 3864; x_wconf 86' lang='lat' dir='ltr'><strong>supernorum</strong></span> <span class='ocrx_word' id='word_1_187' title='bbox 599 3792 623 3846; x_wconf 94' lang='lat' dir='ltr'><em>S</em></span> <span class='ocrx_word' id='word_1_188' title='bbox 627 3791 657 3848; x_wconf 79' lang='lat' dir='ltr'><strong>T.</strong></span> <span class='ocrx_word' id='word_1_189' title='bbox 672 3790 697 3846; x_wconf 90' lang='lat' dir='ltr'><em>C</em></span> <span class='ocrx_word' id='word_1_190' title='bbox 695 3806 850 3845; x_wconf 77' lang='lat' dir='ltr'><strong>anteracen.</strong></span> <span class='ocrx_word' id='word_1_191' title='bbox 864 3788 993 3844; x_wconf 63' lang='lat' dir='ltr'><strong>Leodm</strong></span> <span class='ocrx_word' id='word_1_192' title='bbox 1007 3788 1214 3844; x_wconf 69' lang='lat' dir='ltr'><strong>Mrncrrsncrr.</strong></span> 
     </span>
    </p>

    <p class='ocr_par' dir='ltr' id='par_1_18' title="bbox 365 3871 663 3942">
     <span class='ocr_line' id='line_1_30' title="bbox 365 3871 663 3942; baseline 0 -16"><span class='ocrx_word' id='word_1_193' title='bbox 365 3871 381 3926; x_wconf 89' lang='lat'><strong>8</strong></span> <span class='ocrx_word' id='word_1_194' title='bbox 393 3883 613 3942; x_wconf 85' lang='lat' dir='ltr'><strong>praesenserant</strong></span> <span class='ocrx_word' id='word_1_195' title='bbox 627 3872 663 3926; x_wconf 95' lang='lat' dir='ltr'><strong>A.</strong></span> 
     </span>
    </p>

    <p class='ocr_par' dir='ltr' id='par_1_19' title="bbox 351 3947 1225 4022">
     <span class='ocr_line' id='line_1_31' title="bbox 351 3947 1225 4022; baseline -0.005 -16"><span class='ocrx_word' id='word_1_196' title='bbox 351 3966 383 4006; x_wconf 92' lang='grc' dir='ltr'><strong>ιο</strong></span> <span class='ocrx_word' id='word_1_197' title='bbox 402 3953 457 4008; x_wconf 88' lang='lat' dir='ltr'><strong>Les</strong></span> <span class='ocrx_word' id='word_1_198' title='bbox 469 3962 559 4016; x_wconf 87' lang='lat' dir='ltr'><strong>textes</strong></span> <span class='ocrx_word' id='word_1_199' title='bbox 572 3955 783 4022; x_wconf 78' lang='lat' dir='ltr'><strong>portentaque</strong></span> <span class='ocrx_word' id='word_1_200' title='bbox 796 3949 843 4020; x_wconf 89' lang='lat' dir='ltr'><strong>qui</strong></span> <span class='ocrx_word' id='word_1_201' title='bbox 856 3949 906 4004; x_wconf 82' lang='lat' dir='ltr'><strong>fait</strong></span> <span class='ocrx_word' id='word_1_202' title='bbox 919 3964 974 4003; x_wconf 86' lang='lat' dir='ltr'><strong>une</strong></span> <span class='ocrx_word' id='word_1_203' title='bbox 988 3947 1096 4016; x_wconf 86' lang='lat' dir='ltr'><strong>syllabe</strong></span> <span class='ocrx_word' id='word_1_204' title='bbox 1107 3947 1143 4002; x_wconf 88' lang='lat' dir='ltr'><strong>de</strong></span> <span class='ocrx_word' id='word_1_205' title='bbox 1154 3956 1225 4018; x_wconf 89' lang='lat' dir='ltr'><strong>trop.</strong></span> 
     </span>
    </p>

    <p class='ocr_par' dir='ltr' id='par_1_20' title="bbox 355 4031 1116 4096">
     <span class='ocr_line' id='line_1_32' title="bbox 355 4031 1116 4096; baseline -0.008 -12"><span class='ocrx_word' id='word_1_206' title='bbox 355 4045 383 4085; x_wconf 93' lang='grc' dir='ltr'><strong>ιι</strong></span> <span class='ocrx_word' id='word_1_207' title='bbox 405 4031 489 4096; x_wconf 79' lang='lat' dir='ltr'><strong>iudex</strong></span> <span class='ocrx_word' id='word_1_208' title='bbox 501 4033 707 4086; x_wconf 69' lang='lat' dir='ltr'><strong>Mrrcrrsrcrz</strong></span> <span class='ocrx_word' id='word_1_209' title='bbox 1111 4038 1116 4050; x_wconf 89' lang='lat'><em>·</em></span> 
     </span>
    </p>

    <p class='ocr_par' dir='ltr' id='par_1_21' title="bbox 335 4105 1588 4246">
     <span class='ocr_line' id='line_1_33' title="bbox 353 4105 1588 4181; baseline -0.003 -18"><span class='ocrx_word' id='word_1_210' title='bbox 353 4125 383 4164; x_wconf 88' lang='lat'><strong>12</strong></span> <span class='ocrx_word' id='word_1_211' title='bbox 401 4112 491 4166; x_wconf 89' lang='lat' dir='ltr'><strong>cultor</strong></span> <span class='ocrx_word' id='word_1_212' title='bbox 503 4121 530 4167; x_wconf 89' lang='lat' dir='ltr'><strong>et</strong></span> <span class='ocrx_word' id='word_1_213' title='bbox 540 4111 597 4166; x_wconf 86' lang='lat' dir='ltr'><strong>ST.</strong></span> <span class='ocrx_word' id='word_1_214' title='bbox 611 4110 755 4181; x_wconf 85' lang='lat' dir='ltr'><strong>eremique</strong></span> <span class='ocrx_word' id='word_1_215' title='bbox 778 4110 816 4164; x_wconf 90' lang='lat' dir='ltr'><strong>A.</strong></span> <span class='ocrx_word' id='word_1_216' title='bbox 831 4107 889 4162; x_wconf 88' lang='lat' dir='ltr'><strong>ST.</strong></span> <span class='ocrx_word' id='word_1_217' title='bbox 903 4105 958 4161; x_wconf 87' lang='lat' dir='ltr'><strong>BC.</strong></span> <span class='ocrx_word' id='word_1_218' title='bbox 977 4105 1106 4161; x_wconf 59' lang='lat' dir='ltr'><strong>[zedim</strong></span> <span class='ocrx_word' id='word_1_219' title='bbox 1140 4107 1228 4161; x_wconf 86' lang='lat' dir='ltr'><strong>eremi</strong></span> <span class='ocrx_word' id='word_1_220' title='bbox 1253 4106 1330 4178; x_wconf 91' lang='lat' dir='ltr'><strong>quod</strong></span> <span class='ocrx_word' id='word_1_221' title='bbox 1352 4107 1443 4162; x_wconf 89' lang='lat' dir='ltr'><strong>cultor</strong></span> <span class='ocrx_word' id='word_1_222' title='bbox 1458 4107 1588 4162; x_wconf 76' lang='lat' dir='ltr'><em>MJLCH-</em></span> 
     </span>
     <span class='ocr_line' id='line_1_34' title="bbox 335 4200 422 4246; baseline 0.057 -6"><span class='ocrx_word' id='word_1_223' title='bbox 335 4200 422 4246; x_wconf 69' lang='lat' dir='ltr'><strong>sacr.</strong></span> 
     </span>
    </p>

    <p class='ocr_par' dir='ltr' id='par_1_22' title="bbox 356 4268 1005 4336">
     <span class='ocr_line' id='line_1_35' title="bbox 356 4268 1005 4336; baseline -0.005 -14"><span class='ocrx_word' id='word_1_224' title='bbox 356 4268 388 4322; x_wconf 91' lang='lat'><strong>16</strong></span> <span class='ocrx_word' id='word_1_225' title='bbox 406 4269 615 4326; x_wconf 84' lang='lat' dir='ltr'><strong>Poenitentium</strong></span> <span class='ocrx_word' id='word_1_226' title='bbox 628 4269 687 4324; x_wconf 85' lang='lat' dir='ltr'><strong>BC.</strong></span> <span class='ocrx_word' id='word_1_227' title='bbox 701 4269 829 4323; x_wconf 84' lang='lat' dir='ltr'><strong>Leodien.</strong></span> <span class='ocrx_word' id='word_1_228' title='bbox 846 4277 1005 4336; x_wconf 80' lang='lat'>1502-1540.</span> 
     </span>
    </p>

    <p class='ocr_par' dir='ltr' id='par_1_23' title="bbox 355 4344 1591 4414">
     <span class='ocr_line' id='line_1_36' title="bbox 355 4344 1591 4414; baseline 0 -12"><span class='ocrx_word' id='word_1_229' title='bbox 355 4361 385 4414; x_wconf 86' lang='lat'><strong>17</strong></span> <span class='ocrx_word' id='word_1_230' title='bbox 404 4349 493 4406; x_wconf 86' lang='lat' dir='ltr'><strong>maior</strong></span> <span class='ocrx_word' id='word_1_231' title='bbox 505 4368 539 4406; x_wconf 85' lang='lat' dir='ltr'><strong>ex</strong></span> <span class='ocrx_word' id='word_1_232' title='bbox 551 4350 589 4405; x_wconf 89' lang='lat' dir='ltr'><strong>A.</strong></span> <span class='ocrx_word' id='word_1_233' title='bbox 600 4349 656 4405; x_wconf 88' lang='lat' dir='ltr'><strong>BC.</strong></span> <span class='ocrx_word' id='word_1_234' title='bbox 676 4349 767 4404; x_wconf 88' lang='lat' dir='ltr'><strong>maior</strong></span> <span class='ocrx_word' id='word_1_235' title='bbox 776 4348 813 4401; x_wconf 88' lang='lat' dir='ltr'><strong>de</strong></span> <span class='ocrx_word' id='word_1_236' title='bbox 821 4347 880 4401; x_wconf 86' lang='lat' dir='ltr'><strong>ST.</strong></span> <span class='ocrx_word' id='word_1_237' title='bbox 898 4344 1006 4401; x_wconf 86' lang='lat' dir='ltr'><strong>maiore</strong></span> <span class='ocrx_word' id='word_1_238' title='bbox 1027 4344 1203 4400; x_wconf 76' lang='lat' dir='ltr'><strong>Cameracen.</strong></span> <span class='ocrx_word' id='word_1_239' title='bbox 1229 4345 1320 4400; x_wconf 88' lang='lat' dir='ltr'><strong>maior</strong></span> <span class='ocrx_word' id='word_1_240' title='bbox 1329 4355 1374 4401; x_wconf 85' lang='lat' dir='ltr'><strong>est</strong></span> <span class='ocrx_word' id='word_1_241' title='bbox 1384 4347 1591 4402; x_wconf 70' lang='lat' dir='ltr'><strong>Mrrcrrsncrr.</strong></span> 
     </span>
    </p>
   </div>
   <div class='ocr_carea' id='block_1_16' title="bbox 0 0 2062 5796">
    <p class='ocr_par' dir='ltr' id='par_1_24' title="bbox 0 0 2062 5796">
     <span class='ocr_line' id='line_1_37' title="bbox 0 0 2062 5796; baseline 0 0"><span class='ocrx_word' id='word_1_242' title='bbox 0 0 2062 5796; x_wconf 95' lang='lat' dir='ltr'><strong> </strong></span> 
     </span>
    </p>
   </div>
  </div>
 </body>
</html>
