4102 5790
575 481 717 531 prosae
745 481 948 532 ucenasma
975 481 1269 531 Harraonnausrs
1491 465 1556 553 165

456 729 536 798 113.
569 705 644 779 DE
675 706 715 783 S.
733 705 945 782 THOMA
975 705 1403 782 HERFORDENSI.

607 955 619 1000 1

345 1055 430 1119 Novi
448 1055 585 1140 plausus
602 1057 843 1120 incrementum

343 1151 438 1216 affert
454 1151 515 1216 lux
532 1152 574 1215 ad
593 1161 861 1230 monumentum,

344 1269 500 1333 praesens
512 1250 660 1331 corporis
677 1248 841 1312 talentum

386 1364 452 1426 qua
469 1344 623 1409 Thomae
639 1344 826 1408 sustollitur
841 1365 849 1423 ;

345 1439 482 1504 Caelum
500 1439 742 1522 gratulatur‘ei,

344 1538 446 1601 crevit
462 1538 564 1601 decus
579 1538 700 1601 domus
718 1536 791 1614 Dei,

344 1632 415 1695 dies
432 1634 528 1696 adest
546 1643 679 1696 nostrae
695 1633 776 1714 spei,

387 1727 459 1792 laus
475 1729 577 1811 digna
594 1729 799 1811 persolvitur.

605 1867 623 1911 2

348 1969 449 2033 Hunc
465 1969 626 2034 honorem
644 1971 706 2034 sub
723 1969 829 2052 figura

347 2063 430 2128 serre
446 2065 544 2130 docet
561 2086 622 2130 nos
640 2067 821 2148 Scriptura,

347 2159 519 2224 beatorum
537 2163 688 2244 pandens
705 2164 776 2226 iura

388 2277 448 2338 pro
464 2256 576 2320 futuro
591 2258 714 2322 debita.

349 2349 443 2416 Stola
459 2353 537 2416 bina
555 2353 740 2436 designata,

348 2467 447 2529 quam
465 2469 541 2512 cum
558 2469 658 2513 carne
673 2451 833 2515 suscitata

347 2552 425 2607 tunc
442 2555 562 2609 natura
579 2545 757 2610 reformata

389 2641 508 2705 vestiet
524 2662 582 2724 per
598 2643 724 2705 merita.

609 2783 625 2846 3

350 2879 493 2943 Primam
511 2881 644 2943 animae
660 2879 797 2942 sortitae

348 2985 423 3057 post
439 2978 615 3041 decursum
632 2976 730 3039 huius
746 2975 834 3038 vitae

349 3073 609 3156 congaudemus,
624 3073 694 3136 eius
711 3073 772 3135 rite

391 3169 540 3233 colentes
557 3171 753 3232 memoriam
768 3189 776 3247 ;

352 3263 535 3342 Secundae,
551 3285 626 3328 cum
643 3265 708 3328 hoc
725 3263 865 3328 mortale

350 3370 425 3442 post
440 3361 599 3423 iudicium
619 3359 717 3422 finale

351 3455 518 3538 redigetur
534 3456 576 3519 ad
594 3455 733 3537 aequale

392 3551 624 3634 praevenimus
640 3549 792 3632 gloriam.

608 3691 630 3751 4

351 3787 558 3850 Veneramur
575 3785 607 3849 in
624 3787 791 3868 praesenti

351 3882 418 3946 vita
433 3902 493 3964 per
508 3883 597 3964 quod
615 3883 826 3944 instrumenti

351 3977 455 4041 sancti
472 3977 580 4060 legem
598 3979 790 4042 testamenti

394 4073 533 4137 Domini
548 4072 705 4156 perficere

352 4169 517 4234 Curarunt
533 4170 732 4234 resociatum
774 4191 785 4212 ·

352 4265 536 4329 subiectum
554 4267 816 4348 appropriatum,

352 4363 537 4444 appetitum
555 4381 614 4443 per
629 4363 781 4426 innatum

394 4465 551 4540 optantes
568 4455 707 4520 reficere.

357 4685 454 4750 Hanc
470 4706 573 4770 quam
591 4688 710 4750 statuit
726 4686 865 4752 Creator

355 4783 479 4848 ademit
496 4783 752 4865 praevaricator,

357 4879 552 4943 restauravit
569 4879 767 4961 Reparator,

397 4997 440 5040 ex
458 4994 589 5038 summa
605 4974 791 5039 clementia.

974 935 1052 1015 Sed,
1069 937 1296 1001 intercedente
1313 946 1429 1014 morte,

973 1053 1040 1117 qua
1056 1043 1133 1098 sunt
1150 1033 1274 1097 sractae
1291 1033 1407 1098 mortis
1423 1041 1549 1116 portae,

975 1131 1128 1206 restituti,
1145 1131 1215 1212 pari
1232 1139 1330 1206 sorte,

1017 1246 1133 1289 sumus
1149 1226 1182 1288 in
1199 1226 1358 1308 potentia.

1234 1369 1256 1430 6

976 1492 1014 1554 In
1032 1492 1095 1556 hac
1111 1489 1177 1554 fide
1193 1490 1356 1554 subarrati

974 1590 1080 1652 sancti
1098 1609 1157 1671 per
1172 1608 1265 1670 spem
1283 1585 1461 1649 confortati

976 1704 1042 1747 non
1060 1684 1226 1748 timebant
1241 1683 1313 1745 dira
1330 1683 1399 1763 pati

1019 1800 1079 1861 pro
1094 1779 1233 1843 dimissa
1248 1779 1357 1861 patria
1373 1799 1380 1856 ;

975 1875 1203 1958 Disponentes
1220 1883 1332 1938 mente
1349 1893 1430 1937 sana

975 1992 1035 2054 pro
1052 1970 1158 2034 salute
1174 1992 1210 2034 se
1225 1971 1373 2034 humana

974 2077 1061 2131 terra
1078 2066 1152 2130 ferri
1169 2068 1211 2131 de
1228 2068 1402 2149 prophana

962 2205 964 2208 -
1021 2164 1053 2227 in
1071 2172 1261 2226 sanctorum
1279 2163 1374 2228 atria.

1239 2311 1258 2377 7

978 2419 1107 2482 Merces
1123 2417 1230 2500 prima
1247 2435 1347 2498 quam
1370 2435 1464 2478 mens
1480 2433 1562 2497 pura

976 2524 1198 2596 consequetur
1214 2513 1246 2575 in
1264 2511 1375 2574 futura

975 2612 1044 2675 vita
1061 2618 1193 2674 constat
1209 2629 1254 2672 ex
1270 2616 1407 2671 textura

1019 2704 1159 2787 triplicis
1176 2705 1334 2767 materiae
1350 2728 1357 2767 ι

977 2801 1096 2868 Clarae
1113 2799 1178 2864 Dei
1194 2799 1342 2875 visionis,

978 2898 1124 2962 fervidae
1140 2895 1338 2971 dilectionis,

977 3003 1011 3058 et
1027 3013 1161 3057 securae
1177 2991 1338 3054 tensionis

1021 3090 1084 3153 sub
1100 3083 1278 3170 praetexta
1293 3085 1384 3148 serie.

1240 3227 1259 3288 8

983 3365 1132 3448 Corpora
1149 3373 1227 3426 tunc
1244 3361 1449 3424 redimentur

978 3469 1012 3524 et
1027 3481 1047 3524 a
1064 3459 1160 3522 malis
1176 3467 1333 3521 eruentur

978 3577 1052 3620 curn
1071 3554 1241 3638 quaternis
1258 3551 1438 3615 induentur

1022 3652 1156 3716 dotibus
1173 3669 1233 3732 pro
1250 3667 1396 3724 munere,

982 3748 1092 3812 Huius
1109 3747 1212 3808 instar
1228 3743 1360 3807 unionis

979 3844 1131 3910 Christus
1148 3843 1199 3905 his
1215 3842 1342 3904 ditatus
1358 3839 1456 3904 donis

979 3949 1057 4022 post
1073 3935 1229 4002 effectum
1246 3936 1412 4018 passionis

1023 4035 1167 4098 surrexit
1183 4035 1226 4097 de
1241 4032 1364 4096 sunere.

1241 4193 1263 4257 9

981 4303 1081 4370 Clara
1097 4321 1193 4366 mens
1209 4301 1252 4364 sit
1268 4299 1310 4362 ad
1328 4297 1542 4376 cernendum,

981 4399 1066 4462 velle
1082 4398 1183 4462 velox
1200 4397 1241 4460 ad
1259 4395 1455 4478 parendum,

983 4495 1076 4558 sortis
1093 4492 1142 4557 vis
1158 4493 1201 4556 ad
1220 4491 1453 4567 resistendum,

1026 4589 1157 4654 subtilis
1173 4587 1215 4652 ad
1232 4585 1348 4650 solida.

987 4687 1043 4752 Sic
1059 4685 1229 4749 moraliter
1245 4690 1382 4746 ornatos

984 4780 1126 4846 transfer
1142 4782 1235 4845 Deus
1251 4779 1294 4842 ad
1311 4779 1436 4854 beatos,

985 4897 1096 4941 carcer
1111 4876 1229 4939 reddat
1246 4874 1403 4937 liberatos

1030 4993 1090 5038 nos
1106 4973 1148 5036 ad
1166 4990 1268 5054 regna
1283 4969 1409 5034 florida.
