4096 5794
509 563 581 642 544
811 565 954 618 Puosnn
981 569 1185 623 ECCLESIAE
1212 569 1464 622 LEXOVIENSIS

811 777 832 837 9
1438 774 1471 820 11

553 890 734 972 Postquam
753 889 785 951 in
804 886 1043 970 Longobardia
1182 887 1316 950 Nomen
1335 887 1443 950 Rochi
1461 885 1733 968 infrascriptum,

552 985 723 1068 provincia
740 983 901 1067 Angleria
1182 983 1272 1066 quod
1291 1003 1310 1046 a
1327 983 1403 1046 Deo
1421 981 1481 1046 luit
1497 985 1624 1046 dictum

597 1073 732 1154 ponitur
747 1073 780 1135 in
797 1091 936 1148 carcere,
1225 1079 1262 1133 ut
1279 1071 1336 1152 qui
1354 1089 1431 1134 eum
1449 1071 1610 1134 decorant

554 1168 611 1232 Ab
627 1167 755 1250 angelis
772 1166 946 1231 fovebatur
1186 1167 1292 1230 Pestis
1309 1165 1403 1230 ulcus
1419 1166 1615 1249 depellatur,

550 1274 584 1328 et
600 1265 643 1328 de
660 1263 755 1328 caelo
772 1261 959 1326 laetabatur
1182 1261 1376 1344 sanitasque
1392 1261 1444 1324 his
1461 1261 1618 1325 reddatur

594 1361 684 1424 visus
701 1359 785 1422 miro
802 1359 934 1422 lumine.
1224 1357 1281 1439 qui
1299 1376 1375 1422 eum
1395 1367 1670 1422 commemorant.

805 1505 843 1551 10
1434 1505 1470 1550 12

553 1616 690 1680 Rochus
706 1615 751 1680 ibi
767 1614 870 1678 vitam
888 1613 960 1677 finit
1184 1613 1237 1679 Tu
1253 1616 1310 1698 qui
1329 1615 1404 1680 Deo
1421 1635 1455 1678 es
1472 1627 1542 1679 tam
1558 1635 1654 1679 carus

551 1715 605 1778 cui
624 1713 718 1776 Deus
733 1712 805 1774 dari
822 1711 900 1774 sinit
1182 1725 1215 1775 et
1233 1713 1265 1775 in
1284 1713 1471 1784 luce,valde
1487 1712 1603 1786 clarus,

595 1807 745 1874 tabulam
763 1828 822 1890 per
837 1805 993 1888 angelum
1011 1829 1018 1884 ;
1225 1829 1307 1872 sana
1324 1819 1400 1872 tuos
1417 1807 1569 1884 famulos,

552 1906 649 1990 Quae
664 1905 777 1968 divine
793 1902 998 1966 scribebatur
1182 1905 1227 1969 Et
1243 1925 1262 1968 a
1279 1913 1373 1986 peste
1390 1923 1452 1968 nos
1467 1903 1620 1982 deiende,

551 2002 682 2085 scriptis
698 1999 768 2063 auri
785 2007 818 2061 et
834 1998 961 2062 ditatur
1179 2021 1279 2083 opem
1298 1999 1394 2064 nobis
1411 2019 1449 2063 ac
1466 2000 1623 2082 impende

553 2118 654 2162 manu
672 2095 736 2160 Dei
753 2094 908 2158 siderum.
1224 2106 1341 2160 eontra
1358 2095 1465 2160 morbi
1482 2096 1645 2160 stimulos.

1120 2217 1157 2281 13

872 2311 934 2374 Vir
950 2323 1018 2375 tam
1037 2322 1165 2394 potens,
1180 2323 1250 2376 tam
1269 2311 1386 2376 beatus

871 2427 947 2470 cum
965 2407 1091 2472 honore
1106 2407 1289 2473 collocatus

915 2505 948 2566 in
965 2503 1101 2568 caelesti
1117 2506 1216 2582 curia,

872 2598 973 2676 Voto,
990 2621 1071 2662 voce
1087 2611 1269 2678 veneretur,

873 2705 908 2759 ut
925 2716 983 2778 per
1000 2697 1107 2779 ipsum
1127 2697 1223 2760 nobis
1239 2697 1337 2760 detur

916 2791 1039 2856 Christi
1056 2790 1118 2854 frui
1134 2791 1248 2874 gloria.

538 2967 554 3020 3
567 2969 585 3006 o
615 2951 705 3006 tenuit
719 2951 870 3006 Lexovrim.
904 2951 945 3003 La
958 2948 1119 3003 correction
1133 2950 1231 3002 renuit
1241 2947 1381 3019 s’impose,
1391 2949 1518 3004 d’autant
1531 2950 1594 3020 plus
1607 2951 1688 3020 qu¹au
1699 2969 1766 3006 vers

501 3032 614 3086 suivant
627 3031 653 3084 le
666 3031 760 3084 meme
775 3031 874 3086 Missel
889 3038 969 3100 porte
983 3034 1057 3082 teau
1071 3029 1126 3083 lieu
1141 3028 1177 3084 de
1190 3045 1227 3083 rc.
1257 3034 1271 3084 t
1301 3029 1434 3086 disseruit
1445 3031 1594 3086 Lexovr'en.

536 3107 553 3161 6
567 3112 588 3161 b
619 3117 646 3161 et
660 3123 784 3176 manque
797 3109 869 3162 dans
882 3107 1025 3160 Lexovien
1094 3101 1098 3110 '

537 3204 550 3254 7
566 3193 581 3242 t
610 3205 674 3243 vers
687 3189 904 3259 probablement
917 3203 1076 3257 corrompu.

521 3273 580 3322 lot
620 3267 756 3323 siderium
769 3267 803 3336 (l)
816 3268 967 3321 Lexovien.

521 3363 549 3402 11
566 3365 584 3402 o
614 3348 758 3404 decoravit
771 3347 922 3402 Lexovien.

754 3578 836 3648 391.
872 3554 947 3628 DE
979 3555 1204 3632 SANCTA
1235 3557 1507 3634 BARBARA.

808 3756 819 3802 1
1435 3761 1453 3826 3

585 3851 788 3914 Mirandum
811 3854 1037 3916 commercium
1220 3855 1324 3920 Unda
1340 3859 1423 3921 sacri
1440 3857 1550 3924 lueida

586 3947 739 4028 virgines,
756 3949 966 4029 proverbium
1126 3952 1157 4013 in
1177 3952 1287 4014 Deum
1304 3955 1409 4016 credit
1425 3955 1584 4038 baptismi
1601 3955 1670 4022 lota

530 4047 533 4054 '
671 4043 831 4120 veritatis,
1216 4047 1324 4112 Saecli
1342 4049 1449 4113 calcat
1465 4053 1599 4135 turgida

586 4137 753 4201 llarbarae
770 4140 966 4221 martyrium
1125 4142 1220 4205 sicet
1238 4143 1338 4220 idola,
1357 4145 1509 4211 Flumine
1525 4149 1605 4214 lota.

584 4231 769 4315 phalanges
787 4233 933 4300 fidelium

672 4330 886 4412 depromatis.
1431 4364 1454 4425 4

801 4449 819 4495 2

583 4535 723 4599 Pulchra
741 4536 849 4613 nimis,
864 4557 995 4601 carcere
1218 4541 1336 4605 Nervis
1354 4551 1440 4608 torta
1458 4547 1605 4626 taurinis,

581 4633 728 4714 parentis
745 4652 805 4714 pro
821 4633 946 4696 scelere
1213 4639 1311 4701 donis
1327 4639 1409 4702 haec
1425 4641 1530 4722 pollet
1547 4643 1649 4722 trinis,

665 4729 863 4794 detruditur.
898 4771 900 4777 ,
1211 4733 1294 4796 cibis
1310 4736 1414 4800 undat
1436 4736 1576 4816 Divinis,

582 4824 751 4907 Sponsum
768 4824 864 4887 scivit
881 4845 1045 4907 spernere,
1213 4829 1321 4893 Dolor
1337 4841 1445 4897 cessat
1461 4835 1623 4914 torminis,

579 4920 720 4984 Summo
738 4919 823 5002 Regi
841 4920 966 4983 nubere
1209 4946 1320 4988 carcer
1335 4927 1453 5009 plenus
1470 4928 1603 4994 luminis

664 5015 879 5100 permittitur.
1208 5019 1333 5084 refulsit
1351 5023 1383 5085 vi
1402 5023 1566 5092 Numinis
