4094 5796
580 522 721 576 PROSAE
748 521 951 576 ECCLESIAE
976 520 1266 576 ANDEGAVENSIS

589 725 647 798 30.
680 702 756 776 DE
786 701 1011 778 sancto
1042 701 1275 776 chrnro.

605 924 617 970 1

1231 907 1252 969 6

297 1052 559 1120 Zonacastitatis
570 1051 602 1114 in
614 1050 926 1134 signumprivilegii‚
1016 1047 1099 1112 Esse
1116 1045 1243 1110 mundo
1258 1043 1305 1108 sic
1320 1044 1468 1110 abiectus

601 1237 618 1283 2

297 1395 487 1460 Praecinxit
504 1394 658 1461 Christus
675 1394 799 1478 egregii

294 1491 454 1573 praesulis
471 1490 610 1554 lumbos
622 1489 742 1553 Licinii
757 1511 765 1568 ;

296 1586 442 1650 Pastoris
458 1585 501 1650 ad
518 1585 662 1663 laudern,
679 1585 769 1664 socii,

295 1681 337 1746 sit
353 1681 474 1746 chorus
488 1701 612 1764 expers
628 1680 760 1745 silentii.

602 1866 620 1932 3

343 2013 452 2097 Quem
470 2014 593 2098 probat
608 2017 745 2100 sanguis
762 2016 872 2098 regius

285 2101 407 2174 'ortum
424 2109 467 2174 de
482 2111 585 2194 stirpe
601 2112 765 2196 maiorum
783 2109 926 2189 Galliae;

342 2204 452 2289 Quem
468 2206 591 2272 scholis
611 2208 689 2272 Rex
706 2206 897 2273 Chlotarius

298 2300 414 2382 aufert,
431 2311 467 2367 ut
482 2302 599 2368 consul
613 2305 656 2368 sit
673 2301 903 2386 Andegaviae.

601 2487 623 2550 4

365 2638 493 2705 Contra
508 2651 623 2706 votum
641 2641 775 2704 uxorari

363 2737 494 2819 cogitur
510 2755 569 2820 spe
586 2737 687 2820 prolis
703 2756 836 2813 comes;

366 2831 432 2897 Sed
450 2853 551 2914 quam
569 2833 661 2916 lepra
678 2842 779 2915 negat
795 2832 865 2895 dari

363 2931 530 3014 spernitur
545 2930 699 2995 ducenda
714 2949 835 2994 comes.

606 3113 621 3182 5

367 3270 457 3336 Hinc
472 3269 626 3335 caelestis
643 3293 702 3354 spe
719 3291 861 3336 coronae

365 3366 455 3430 subit
470 3387 547 3430 curn
563 3368 769 3450 professione

350 3505 354 3513 ·
409 3460 577 3525 clericales
593 3461 736 3527 habitus.

367 3555 459 3638 Opes
476 3555 561 3639 fugit
577 3558 779 3640 temporales

366 3654 424 3717 sed
441 3653 616 3717 thesauros
632 3656 818 3719 aeternales

384 3797 387 3802 .
409 3748 611 3814 thesaurizat
627 3751 774 3816 caelitus.

1014 1144 1063 1206 vir
1079 1143 1190 1226 elegit,
1205 1143 1263 1206 sed
1280 1140 1406 1204 electus

1057 1240 1100 1303 ad
1118 1239 1277 1302 honorem
1295 1236 1446 1302 trahitur.

1015 1336 1069 1398 Fit
1085 1343 1200 1418 pastor
1215 1333 1472 1416 Andegavensis

1015 1433 1108 1495 cuius
1125 1429 1284 1513 spiritalis
1300 1429 1389 1492 ensis

1059 1526 1183 1592 Christi
1199 1527 1250 1589 ius
1266 1525 1452 1608 exequitur.

1232 1670 1251 1734 7

1018 1793 1141 1859 Sancte
1157 1791 1328 1856 confessor
1344 1791 1462 1872 Licini,

1016 1888 1067 1952 sac
1085 1899 1121 1952 ut
1137 1886 1325 1969 splendoris
1341 1887 1444 1951 divini

1059 2004 1120 2047 nos
1136 1983 1298 2048 accendat
1315 1983 1427 2047 radius

1059 2079 1127 2143 veri
1142 2078 1230 2144 Solis
1247 2080 1393 2143 nuntius.

1016 2177 1078 2239 Per
1093 2187 1127 2238 te
1138 2183 1255 2239 contra
1273 2174 1322 2238 ius
1338 2184 1478 2239 naturae

1016 2270 1141 2335 Divino
1158 2269 1291 2334 favente
1306 2269 1376 2334 iure

1061 2385 1126 2428 non
1144 2364 1281 2428 habenti
1297 2364 1425 2429 lumina

1059 2470 1138 2525 sunt
1153 2470 1264 2524 creata
1280 2461 1424 2542 gemina.

1235 2597 1254 2658 8

1062 2729 1123 2791 Per
1139 2736 1173 2792 te
1189 2738 1280 2792 caret
1297 2727 1402 2792 infula

1058 2824 1232 2887 vetustatis
1250 2823 1390 2902 macula,

1059 2920 1257 2984 indumenta
1274 2919 1406 3004 singula

1059 3025 1225 3080 testantur
1241 3016 1409 3082 miracula.

1233 3160 1255 3222 9

1016 3271 1066 3337 Ut
1082 3271 1241 3354 exemplo
1257 3271 1342 3335 tanti
1359 3271 1453 3336 ducis

1017 3368 1196 3431 induamur
1212 3387 1305 3430 arma
1322 3366 1414 3442 lucis,

1013 3463 1088 3528 dele
1105 3463 1228 3526 nubem
1245 3463 1427 3541 caecitatis,

1015 3569 1052 3622 ut
1065 3558 1213 3622 fruamur
1229 3578 1304 3622 curn
1322 3556 1429 3622 beatis

1019 3655 1101 3718 lucis
1118 3656 1274 3738 perennis
1289 3653 1397 3738 gloria

1017 3751 1050 3815 in
1067 3771 1135 3834 qua
1151 3751 1244 3814 Deus
1260 3759 1311 3815 est
1328 3749 1451 3814 omnia.

337 3979 544 4031 Manusorlts.
568 3949 683 4030 Palus:
699 3974 771 4029 Bibl.
787 3975 853 4030 Nat.
868 3973 930 4044 868,
944 3973 1045 4029 Missel
1059 3974 1206 4044 d’Angers,
1221 3982 1268 4028 xv*
1279 3975 1373 4044 siecle,
1387 3976 1421 4031 Z.

337 4076 387 4138 3d
418 4071 543 4126 consulis
575 4071 760 4140 (indagatam.

338 4163 385 4219 5a
415 4167 482 4222 spes
506 4151 688 4222 Andagaven.
723 4155 743 4204 b
768 4149 854 4204 subiit
877 4149 1061 4218 Andagaven.
1094 4166 1110 4204 e
1136 4159 1166 4204 ut
1179 4150 1328 4206 thesauros
1340 4151 1375 4206 Z.
1402 4155 1422 4205 f.
1446 4151 1562 4205 thesau-

302 4227 367 4286 rizet
380 4231 414 4285 Z.

338 4314 389 4374 7h
421 4320 521 4366 curata
534 4309 568 4365 Z.

338 4389 386 4445 8a
418 4391 473 4445 Pro
487 4399 515 4446 te
527 4391 562 4446 Z.

337 4483 382 4538 90
413 4471 477 4526 dele
495 4471 591 4525 lumen
606 4469 789 4540 Andegaven.
815 4486 832 4523 e
857 4485 982 4539 perenne
1000 4466 1034 4522 Z.
1072 4469 1154 4523 Cette
1175 4470 1291 4539 strophe
1312 4468 1376 4524 d’oir
1394 4470 1419 4524 le
1444 4469 1561 4537 paralle'-

322 4565 383 4605 sme
395 4560 438 4606 est
449 4548 553 4605 'absent
566 4550 700 4621 peut-elle
714 4549 773 4603 ttre
786 4549 952 4604 consideree
965 4563 1078 4603 comme
1087 4565 1143 4602 une
1152 4547 1257 4604 finale?
1279 4551 1325 4605 Ne
1338 4548 1493 4604 faudrait-il
1508 4565 1560 4620 pas

304 4628 391 4684 croire
403 4630 494 4702 plutdt
507 4646 562 4702 que
572 4629 645 4686 deux
659 4645 722 4684 vers
736 4637 800 4685 sont
814 4628 926 4684 tombds
939 4637 1019 4684 entre
1044 4633 1065 4682 b
1090 4639 1118 4682 et
1138 4628 1178 4683 o?
