4116 5784
497 509 569 579 324
799 506 942 558 PROSAE
968 505 1174 557 ECCLESlAE
1201 505 1452 558 ABRINCENSIS

531 700 582 751 4a
613 683 690 758 llinc
703 685 733 738 S.
763 691 784 739 b
811 683 1004 755 praedicando
1016 685 1047 738 S.
1061 684 1212 738 Abrincen.
1226 684 1356 739 Barocen.
1379 685 1568 740 Constantien.
1599 693 1613 740 t
1641 687 1748 757 repleta

497 766 634 829 scientiae
645 764 831 820 Cenomanen.
847 766 962 835 Sagien.
991 781 1011 832 g
1038 765 1140 834 eiusll)
1153 764 1296 819 amicitiae
1310 766 1340 820 S.
1372 771 1394 820 h
1423 766 1587 836 imperatrix
1600 767 1630 822 S.
1651 768 1758 822 Abn'n·

498 867 554 907 cen.
567 847 757 902 Constanrien.
766 860 841 916 1499,
859 858 934 916 1557,
948 846 1106 915 Fnrarorv,
1119 847 1328 901 Parracrvar,

536 943 548 999 5
563 945 584 996 g
615 927 746 980 Necnon
759 943 889 996 quaeque
902 926 1060 980 Farccorv.

532 1012 583 1064 oa
612 1008 716 1062 flamen
730 1008 760 1061 S.
792 1008 811 1062 b
837 1016 892 1060 stat
910 1007 1133 1075 Turonen.1517.
1166 1023 1183 1060 c
1211 1006 1280 1060 dum
1294 1007 1426 1076 permitte
1440 1007 1473 1076 (l)
1487 1007 1517 1062 S.
1547 1008 1614 1063 dum
1628 1026 1678 1078 per
1690 1009 1759 1064 mite

499 1092 683 1144 cenomanen.
697 1088 810 1158 Sagien.
842 1093 890 1142 cd
923 1089 991 1143 durn
1005 1088 1053 1140 dat
1067 1087 1154 1140 verbo
1164 1087 1239 1141 vitae
1253 1087 1347 1141 lumen
1361 1088 1571 1158 Melden.1556.
1600 1090 1759 1144 dverburn

498 1171 681 1225 Cenomanen.
696 1169 810 1238 Sugien.
825 1168 983 1222 FAILLON.
1022 1183 1040 1220 o
1066 1167 1159 1220 inians
1182 1167 1257 1222 unda
1278 1167 1428 1221 Abrincen.
1467 1173 1488 1221 h
1515 1186 1572 1239 quo
1593 1181 1705 1240 reperto
1727 1171 1757 1224 S.

498 1257 508 1304 l
534 1260 562 1305 et
575 1259 716 1304 exstracto
730 1249 760 1301 S.
775 1247 933 1317 Meton,
948 1249 1156 1310 Parcacrrar,
1171 1246 1311 1302 contraire
1325 1247 1342 1300 a
1355 1247 1383 1301 la
1392 1247 1470 1302 rime.

532 1343 581 1398 7a
613 1329 684 1382 haec
698 1327 811 1382 vivebat
824 1328 983 1381 Fararorv.
1015 1333 1036 1382 d
1062 1344 1137 1398 aqua
1151 1328 1227 1384 sitim
1240 1327 1371 1381 Baiocen.
1387 1327 1577 1382 Constantisn.
1607 1345 1628 1396 g
1655 1329 1759 1400 dieque

498 1409 655 1478 stringebat
673 1407 896 1477 Turonen.1517,
910 1408 1118 1462 FELLECHET.
1149 1413 1169 1462 h
1198 1405 1238 1461 sic
1248 1407 1352 1476 agebat
1365 1407 1523 1463 ΗΜΘΝ.

534 1491 584 1544 8a
597 1504 736 1558 suamque
756 1487 909 1558 praescivit
933 1488 1116 1542 Cenomanen.
1140 1488 1254 1558 Sagien.
1294 1491 1316 1540 b
1343 1487 1383 1542 lci
1409 1489 1523 1544 s'arrtte
1538 1489 1565 1542 le
1585 1497 1660 1545 texte
1677 1490 1714 1545 de
1728 1491 1757 1545 S.

499 1587 517 1624 o
548 1569 576 1622 in
601 1577 698 1622 monte
728 1569 886 1638 Farrcorv,
910 1568 1121 1622 Parracnar.
1158 1585 1175 1622 ο
1207 1567 1310 1621 sedens
1336 1567 1408 1623 aede
1435 1569 1619 1625 Cenomanen.
1643 1570 1758 1640 Sagien.

499 1655 522 1704 h
549 1650 721 1704 collocemur
734 1649 803 1704 sede
814 1648 997 1705 cenomanen.
1014 1649 1128 1719 Sagien.
1158 1647 1263 1702 Christi
1284 1648 1411 1704 locemur
1423 1650 1452 1704 in
1466 1650 1538 1706 aede
1556 1647 1715 1707 Fnrcrorv.

504 2035 586 2108 217.
619 2013 677 2087 lN
713 2012 1273 2088 COMMEMORATIONE
1310 2014 1759 2091 DEFVNCTORVM.

809 2360 822 2405 1
1219 2344 1275 2410 Sic
1290 2346 1403 2411 anima
1419 2349 1557 2430 cupiens

588 2512 652 2574 Pro
668 2509 797 2572 cunctis
814 2507 967 2572 fidelibus
1218 2442 1327 2554 tenfsst
1343 2443 1385 2554 {d
1402 2443 1453 2508 Te
1469 2445 1595 2554 “litienst

1219 2538 1286 2620 Qur
1301 2559 1337 2602 es
1353 2537 1547 2604 indeficiens

587 2606 620 2668 in
637 2605 687 2668 Te
703 2603 960 2686 quiescentibus,

948 2700 955 2714 ‚
1218 2635 1292 2699 lons
1309 2635 1562 2702 misericordiae.

587 2701 637 2765 Te
653 2719 836 2783 precamur,
853 2699 1010 2776 Domine,

1439 2805 1454 2871 5

805 2895 823 2940 2
1308 2943 1417 3006 Huius
1434 2945 1494 3008 rivi

585 3059 636 3124 Ut
652 3077 766 3121 eorum
784 3057 912 3120 animas
1302 3037 1404 3103 sontis
1421 3041 1487 3104 vivi

585 3177 604 3218 a
620 3154 795 3218 tormentis
812 3153 953 3230 eximas,
1300 3155 1362 3200 nos
1378 3137 1558 3202 secundent

584 3259 715 3333 emptas
732 3249 808 3312 Tuo
823 3249 996 3330 sanguine.
1303 3241 1336 3294 et
1353 3233 1536 3298 emundent

585 3345 743 3409 Miserere
760 3344 888 3407 miseris
1215 3348 1235 3390 a
1251 3327 1380 3410 peccati
1396 3329 1498 3404 sanie»

583 3443 664 3506 dum
682 3441 785 3504 iudex
801 3439 976 3504 adveneris
1304 3422 1362 3499 Ut,
1378 3425 1523 3504 peccatis

583 3536 699 3602 stricto
715 3536 777 3600 sub
792 3535 959 3600 examine.
1302 3519 1509 3601 expurgatis,

1301 3635 1362 3677 nos
1378 3615 1542 3694 absolvas,

802 3731 819 3793 3
1308 3712 1341 3766 et
1357 3702 1503 3765 resolvas

1216 3823 1302 3887 quae
1318 3808 1414 3883 gesta
1430 3808 1508 3863 sunt
1526 3800 1637 3882 impie.

585 3882 662 3945 Non
680 3883 863 3945 secundum
882 3881 1001 3946 merita

584 3977 710 4042 iudices
726 3981 917 4061 praeterita,
1434 3955 1456 4018 6

583 4074 641 4138 sed
658 4073 829 4137 dalocum
846 4072 974 4150 veniae,

584 4169 662 4233 Plus
679 4181 728 4234 est
745 4171 930 4234 necessaria

581 4266 645 4329 reis
661 4265 870 4348 indulgentia

580 4382 681 4446 quarn
699 4363 788 4444 rigor
804 4359 960 4425 iustitiae.

1174 4113 1248 4176 lesu
1265 4113 1321 4194 qui
1339 4131 1374 4174 es
1391 4109 1544 4175 salutaris

1171 4217 1205 4272 et
1222 4207 1378 4272 Salvator
1393 4206 1605 4288 nuncuparis,

1172 4303 1235 4370 Cui
1252 4303 1398 4367 misereri
1415 4302 1597 4385 proprium,

1170 4400 1271 4484 exple
1287 4399 1398 4463 Tuum
1415 4398 1560 4462 officium
1577 4422 1584 4463 :

796 4561 819 4622 4
1432 4577 1452 4642 7

581 4721 674 4787 Sicut
690 4742 807 4787 cervus
823 4730 980 4803 properat
1170 4717 1303 4782 Miseris
1319 4715 1520 4800 propitieris,

579 4828 612 4883 et
629 4818 757 4883 sontem
771 4816 949 4894 desiderat,
1169 4833 1229 4877 nec
1246 4821 1385 4895 peccata
1402 4813 1593 4892 recorderis,

578 4915 659 4979 dum
677 4935 753 4978 eurn
770 4921 951 4995 exasperat
1171 4912 1244 4976 Nec
1260 4910 1338 4974 inde
1354 4910 1457 4975 redde
1473 4920 1637 4990 mutuum,

580 5020 689 5076 metus
706 5009 822 5074 mortis
839 5007 972 5088 anxiae,
1169 5006 1228 5072 sed
1245 5005 1319 5070 dele
1335 5005 1369 5068 in
1385 5015 1594 5090 perpetuum.
