4108 5794
639 512 781 568 mosne
807 513 1012 566 accsssrne
1037 511 1335 567 snnnsnvnsns
1540 495 1610 584 267

657 707 677 774 7
1286 711 1308 772 9

528 857 568 920 In
585 855 761 939 palaestra,
1157 857 1384 920 Adducuntur

525 962 643 1017 contra
658 961 787 1016 caestre
1153 961 1188 1016 et
1203 959 1403 1035 promuntur

440 1067 506 1113 non
523 1049 621 1114 timet
637 1049 800 1126 assistere,
1067 1048 1215 1114 rhetores
1231 1048 1264 1110 in
1282 1045 1417 1129 publico
1432 1067 1440 1124 ;

524 1144 646 1209 Nullus
661 1145 765 1209 homo
1158 1143 1415 1218 Convertuntur,

525 1250 576 1306 est
592 1241 625 1304 in
642 1241 744 1305 domo
1155 1239 1402 1322 coniunguntur

438 1337 495 1420 qui
511 1337 617 1420 possit
633 1337 793 1401 resistere.
1069 1356 1145 1402 curn
1161 1345 1259 1400 coetu
1276 1334 1438 1418 angelico.

656 1505 675 1565 8
1280 1519 1320 1566 10

526 1667 603 1734 Rex
617 1669 799 1752 proponit;
1159 1669 1354 1752 Obenigna

523 1765 606 1829 haec
622 1765 765 1848 exponit
1158 1767 1234 1830 Deo
1249 1765 1362 1847 digna,
1395 1845 1398 1851 .

439 1859 524 1924 illius
540 1859 751 1943 problemata
767 1883 774 1938 ;
1071 1860 1218 1946 supplex
1235 1881 1316 1946 roga
1333 1859 1530 1936 Dominum,

526 1955 743 2040 Obstupescit
1161 1957 1282 2021 Funde
1298 1975 1422 2040 preces,

525 2062 560 2116 et
575 2053 723 2134 pavescit
1161 2053 1288 2117 munda
1305 2053 1413 2116 faeces

440 2160 503 2204 rex
520 2141 564 2204 ad
580 2140 650 2204 eius
665 2140 836 2223 dogmata
1073 2151 1288 2224 peccatorum
1305 2139 1490 2204 hominum.

968 2309 1001 2354 11

854 2454 938 2520 Dies
954 2455 1027 2533 iste,

855 2550 932 2614 Iesu
950 2549 1093 2628 Christe,

768 2645 978 2710 celebrantes
993 2645 1126 2726 foveat;
1225 2698 1228 2704 .

855 2741 1035 2808 Summum
1053 2742 1180 2808 bonum

854 2839 901 2902 sic
918 2840 951 2902 in
968 2839 1094 2904 donum

768 2935 956 3000 Katherina
971 2935 1091 3000 foveat.

394 3151 432 3205 le
450 3161 524 3206 texte
545 3153 582 3208 de
595 3164 668 3210 cette
692 3155 779 3210 Prose
802 3172 926 3226 marique
947 3156 1019 3212 dans
1032 3167 1113 3212 notre
1128 3157 1228 3214 Missel
1238 3159 1274 3214 de
1287 3159 1463 3214 Tarentaise.
1495 3158 1577 3212 Nous
1589 3155 1617 3210 le

358 3228 540 3286 ritablissons
551 3232 661 3302 d'apres
671 3235 698 3288 le
712 3235 812 3291 Missel
825 3235 861 3291 de
876 3237 1034 3306 Lausanne,
1051 3251 1126 3306 1493.

391 3401 435 3458 61
466 3403 598 3462 dialetice
610 3407 792 3464 Lausannen.

393 3495 408 3547 7
423 3487 444 3538 b
475 3495 575 3540 contra
588 3497 708 3557 sceptra,
722 3489 799 3544 faute
812 3489 1009 3562 d'impression
1023 3493 1163 3563 evidente,
1176 3495 1357 3551 lausannen.

394 3561 440 3616 80
471 3565 667 3634 probleumata
686 3568 867 3624 Lausannen.

381 3654 407 3694 11
422 3647 464 3696 cf
495 3643 646 3714 repetition
659 3647 765 3703 tantive
776 3649 814 3704 du
827 3649 920 3706 mime
934 3663 1003 3708 mot.
1033 3655 1338 3725 Commentcorriger?
1368 3674 1386 3711 e
1412 3657 1528 3712 domum
1541 3659 1618 3712 Lau-

358 3735 472 3778 sannen.
485 3722 556 3778 rime
569 3725 675 3782 sautive
687 3744 693 3782 :
705 3727 811 3783 danum
825 3729 966 3801 s’impose.

503 4083 581 4170 178.
615 4080 690 4154 DE
719 4081 798 4156 VII
833 4083 1153 4161 DOLORIBVS
1184 4087 1226 4162 B.
1250 4087 1485 4164 MARIAE.

666 4378 677 4424 1
1295 4388 1313 4433 2

404 4525 503 4590 Salve
518 4527 612 4612 virga
621 4545 777 4612 generosa
1031 4539 1126 4602 Ferit
1132 4541 1271 4624 gladius
1284 4541 1405 4606 doloris

401 4631 432 4686 et
445 4623 558 4706 regina
568 4626 713 4708 gloriosa
1023 4637 1158 4716 plenum
1174 4636 1249 4702 divi
1262 4659 1317 4701 cor
1329 4639 1453 4701 amaris

442 4720 587 4784 caelestis
603 4724 742 4789 militiae
753 4751 768 4802 ‚·
1074 4733 1160 4796 senis
1175 4735 1331 4799 vaticinia
1342 4758 1357 4811 ,-

403 4813 584 4880 Praeelecta
600 4840 743 4886 vernans
758 4845 840 4905 rosa,
1034 4829 1274 4912 Complectentis
1288 4843 1435 4898 sanctam
1444 4833 1570 4916 prolem

403 4921 509 4974 mater
520 4916 684 4995 quandam
700 4919 846 4986 dolorosa
1034 4924 1111 4990 hinc
1123 4927 1258 4992 sensisti
1272 4929 1364 4993 verbi
1377 4931 1492 4995 malam

447 5007 480 5070 in
497 5010 582 5074 valle
597 5013 762 5082 tristitiae.
1069 5024 1211 5108 pectoris
1227 5025 1262 5089 in
1277 5027 1404 5094 scrinia.
