4116 5784
606 538 749 590 PROSAE
776 537 981 590 ECOLESIAE
1008 533 1331 588 sluvnuuculsusls
1528 528 1600 603 377

349 722 393 786 18.
418 720 574 802 Denique
591 717 679 782 Eum
697 714 846 782 mortalis
871 715 985 781 laudet
1011 714 1105 791 ordo,
1131 721 1164 778 et
1189 715 1223 776 in
1251 711 1395 777 excelsis
1420 712 1602 776 decantent

350 931 395 994 19.
419 833 643 978 Gazgilglclaael'i
656 918 797 995 poscant
808 907 919 973 sutura
929 917 1030 992 atque
1040 907 1143 972 vitam
1155 906 1284 972 felicem
1299 916 1332 971 et
1345 923 1483 969 munera
1494 902 1602 987 plena.

347 1060 396 1108 20.
420 1043 560 1125 Nosque
575 1042 667 1124 pium
679 1039 875 1123 'flagitemus
891 1037 1062 1104 Christum
1079 1055 1300 1120 semperesse
1318 1035 1503 1107 nobiscum,

348 1156 397 1204 21.
422 1139 570 1204 Paradisi
587 1139 643 1221 qui
661 1139 794 1202 ianuam
811 1145 934 1200 reseret
951 1134 1071 1200 ultimo
1087 1135 1215 1217 spiritu,

349 1285 399 1333 22.
423 1268 608 1334 Conferens
624 1269 727 1332 vitam
745 1255 925 1332 aeternam.

387 1473 599 1523 Manuscrlts.
621 1467 717 1522 Purus
731 1486 737 1522 :
757 1467 829 1521 Bibl.
852 1467 929 1536 Nat,
946 1465 1022 1536 1118,
1035 1465 1173 1537 Tropaire
1186 1464 1223 1542 de
1237 1462 1457 1530 saint-Martial
1468 1461 1506 1538 xi}⁵
1516 1460 1609 1528 siecle,

349 1547 394 1613 D,·
425 1561 504 1616 9449,
518 1545 705 1617 Tropaire'de
726 1544 845 1614 Nevers,
858 1546 898 1599 xi*
907 1544 1001 1613 siecle,
1019 1545 1062 1610 0,·
1094 1545 1155 1612 778,
1177 1537 1307 1598 Prosaire
1328 1543 1365 1598 de
1388 1540 1610 1612 Saint-Martial‚

348 1625 494 1690 xii⁰siecle
510 1626 543 1680 Ρ.
585 1626 658 1682 Bibl.
681 1627 709 1680 S.
721 1625 892 1693 Gemuere,
912 1625 1075 1693 eBBLu,
1093 1623 1191 1678 Missel
1216 1624 1252 1678 de
1274 1623 1374 1690 Senlis,
1401 1627 1448 1675 uue
1458 1620 1551 1688 siecle,
1580 1617 1608 1670 V.

349 1707 540 1760 GRENOBLE:
555 1704 626 1760 Bibl
640 1705 713 1761 dela
723 1705 805 1774 Ville,
818 1719 875 1774 131,
888 1704 988 1760 Missel
1001 1705 1038 1760 de
1051 1704 1153 1774 Senlis,
1166 1703 1224 1758 xiv‘
1232 1703 1325 1772 siecle,
1336 1703 1396 1758 GR.

388 1864 525 1920 rlumine
538 1863 572 1934 (1)
585 1863 618 1918 Ρ.
739 1917 742 1924 ,

385 1959 400 2000 2
418 1959 560 2014 concrepa
578 1943 606 1998 V.
621 1943 809 2020 Siluanum.
825 2009 828 2016 ι
1297 2003 1300 2010 ,

385 2040 400 2092 3
420 2024 448 2078 111
458 2040 515 2094 qua
527 2023 733 2079 adsuntVGR.
749 2025 940 2080 Silvanecten.
962 2025 1043 2079 Nous
1057 2039 1231 2080 conservons
1240 2024 1266 2080 le
1275 2032 1351 2079 texte
1360 2022 1413 2078 des
1420 2023 1484 2094 plus
1492 2020 1609 2076 enciens

352 2105 540 2170 manuscrits3
555 2105 583 2159 le
604 2115 664 2162 mot
671 2107 752 2177 festu
773 2107 851 2163 etant
870 2113 989 2161 souvent
1011 2104 1161 2162 considere
1184 2121 1220 2160 au
1242 2105 1424 2174 Moyeuulge
1442 2118 1554 2157 comme
1571 2117 1609 2155 un

352 2184 468 2240 seminia
482 2183 625 2255 singulier.

386 2281 404 2333 4
422 2275 465 2321 est
477 2265 554 2320 enim
568 2266 756 2320 Silvanecten.
788 2283 872 2338 super
884 2267 1031 2337 praeclara
1044 2265 1192 2320 cacumina
1205 2266 1238 2320 Ρ.
1262 2293 1265 2298 -

390 2358 403 2415 5
422 2354 466 2400 est
479 2345 586 2414 fulgida
596 2345 629 2399 P.
662 2361 746 2415 super
760 2345 796 2400 D.
808 2345 841 2400 Ρ.

387 2425 405 2480 6
422 2435 466 2481 est
480 2425 528 2480 illa
546 2425 641 2480 V.GR.
674 2426 861 2481 Silvanecten.
894 2425 1001 2481 scilicet
1015 2441 1138 2496 manque
1151 2425 1224 2481 dans
1238 2425 1427 2480 Silvanecren.

387 2521 402 2573 7
421 2505 528 2561 circum
541 2515 673 2561 contexta
692 2507 787 2562 V.GR.
806 2508 912 2562 circum
925 2506 1128 2578 campestra(!)
1144 2507 1175 2561 0.
1195 2505 1368 2576 gemmisest
1378 2505 1496 2560 rutilans
1515 2503 1610 2560 VGR.

354 2587 540 2642 Silvanecten.
567 2579 660 2642 ¹muris
680 2588 707 2642 V.
723 2588 782 2643 GR.
797 2585 984 2643 Siluamcten.
1016 2587 1162 2658 perampla
1181 2587 1209 2642 V.
1223 2587 1412 2642 Silvanecten.

389 2665 472 2722 8illa
482 2665 582 2722 civitas
595 2671 694 2723 sancta
709 2669 740 2724 0.
794 2669 797 2676 ’

390 2762 407 2816 9
425 2747 620 2802 Ecclesiarum
631 2747 819 2804 Silvanecten.
851 2758 1023 2820 aeternaque
1036 2749 1126 2818 gloria
1137 2749 1173 2803 D.
1187 2749 1218 2803 0.
1229 2748 1263 2802 P.

377 2841 404 2882 11
426 2827 470 2881 Ex
483 2826 619 2899 cuiusque
631 2828 668 2883 D.
700 2828 818 2900 eiusque
837 2829 872 2884 O.
904 2829 991 2898 petris
1013 2829 1164 2884 truduntur
1184 2829 1214 2883 0.
1248 2826 1471 2884 statuiturD.P.·
1503 2828 1614 2882 animas

356 2909 559 3034 Ii'zo'sff'ueus
572 2997 686 3051 quoque
699 2981 731 3036 P.
754 2982 911 3052 Usquoque
923 2983 1002 3037 Deus
1013 2983 1044 3036 O.
1058 2979 1160 3036 celsior
1170 2982 1198 3035 in
1213 2955 1244 3034 Ρ.
1265 2980 1376 3036 celsiori
1392 2979 1613 3034 VSe'lvanecten.

357 3059 483 3131 possidet
496 3059 544 3115 illa
562 3061 590 3116 V.
602 3061 661 3116 GR.
677 3062 864 3116 Silvanecten.

376 3155 407 3209 13
425 3140 590 3196 maiestates
609 3140 637 3195 V.
649 3142 708 3196 GR.
724 3143 914 3197 Silvamcten.
940 3141 1033 3197 throni
1048 3143 1235 3196 Sr'lvaneclen.
1263 3141 1340 3196 chori
1360 3141 1388 3195 V.
1401 3142 1464 3196 GR.
1497 3141 1614 3195 virtutes

356 3236 439 3296 atque
450 3236 596 3296 praestant
609 3227 724 3296 gloriari
737 3227 875 3283 condecet
894 3228 923 3282 V.
939 3227 999 3282 GR.
1013 3227 1202 3282 Silvanecten.
1233 3225 1349 3296 agmina
1367 3241 1449 3280 sacra
1473 3225 1501 3280 V.
1517 3225 1613 3280 Silva-

356 3312 456 3360 necten.

378 3401 410 3454 14
430 3385 577 3441 lndefessa
597 3387 624 3441 V.
640 3387 828 3442 Silvanecten.
860 3404 930 3442 voce
943 3387 1042 3442 laudes
1053 3387 1085 3440 P.
1103 3387 1130 3442 V.
1142 3387 1202 3441 GR.
1217 3387 1405 3441 Silvaneclen.
1427 3387 1566 3456 persultas
1582 3386 1613 3441 0.

357 3468 491 3538 persultet
504 3467 538 3522 Ρ.
569 3467 687 3522 caelitus
701 3468 875 3538 perpsallunt
885 3469 1075 3522 Silvanecten.
1184 3473 1186 3478 '
1200 3471 1203 3476 '

378 3561 407 3617 15
428 3547 556 3602 Gloriam
571 3547 757 3603 Silvanecten.
1305 3599 1312 3606 .

379 3633 411 3686 16
428 3639 472 3685 est
484 3630 563 3684 locus
576 3628 630 3684 iste
647 3629 676 3685 V.
689 3631 748 3686 GR.
763 3633 953 3687 &luausctem
973 3632 1098 3686 nescitur
1111 3632 1144 3701 (1)
1155 3632 1187 3687 O.
1207 3632 1324 3687 nomine
1337 3632 1373 3687 D.
1385 3634 1417 3689 O.
1431 3635 1464 3689 Ρ.
1485 3649 1616 3703 praeesse

361 3711 414 3766 Dei
428 3710 505 3780 regia
519 3711 707 3766 Silvanecten.
737 3713 854 3767 nomina
868 3713 924 3769 alia
942 3714 970 3769 V.
1584 3713 1587 3718 ’

380 3805 410 3860 17
430 3791 510 3846 caelo
522 3800 549 3845 et
564 3799 655 3846 terrae
668 3801 696 3846 et
709 3809 811 3862 regens
822 3793 912 3848 maria
931 3794 958 3850 V.
975 3795 1034 3850 GR.
1050 3793 1237 3849 Silvanecten.
1280 3799 1283 3803 ’

348 3903 350 3908 ,
381 3873 410 3926 18
431 3871 511 3926 Cette
524 3870 649 3925 clausule
657 3887 781 3943 manque
794 3873 866 3928 dans
886 3874 977 3929 V.GR.
989 3885 1017 3930 et
1031 3875 1219 3930 Silvanecien.
1242 3876 1373 3946 Denique
1381 3893 1456 3930 nunc
1467 3875 1499 3928 Ρ.
1519 3883 1617 3928 sancta

360 3951 474 4020 agmina
487 3951 523 4005 I).
535 3949 567 4005 0.
577 3951 621 4019 Ρ.,
634 3951 774 4008 contraire
787 3971 823 4008 au
835 3954 953 4023 rythme.

381 4045 412 4100 ¹9
430 4031 513 4086 Cette
522 4031 647 4086 clausule
660 4047 783 4102 manque
793 4033 866 4090 dans
878 4035 912 4088 P.
928 4034 954 4088 V.
971 4034 1030 4088 GR.
1044 4045 1072 4089 et
1084 4034 1273 4090 Silvanecten.

379 4126 414 4164 20
433 4109 526 4166 Nobis
537 4110 615 4180 pium
626 4109 786 4179 flagitemus
801 4115 896 4178 Deum
912 4113 1004 4168 V.GR.
1020 4115 1210 4169 Silvanecten.

380 4205 409 4244 21
432 4189 599 4244 Paradisum
612 4189 648 4244 D.
678 4191 777 4248 ianuas
797 4195 893 4250 VGR.
907 4194 1095 4250 Silvanecten.
1116 4204 1222 4249 reserat
1237 4197 1264 4250 V.
1286 4195 1332 4267 qui
1343 4195 1458 4266 agmina
1472 4195 1616 4250 Christum

362 4269 444 4324 refert
459 4268 588 4323 ultimum
602 4269 633 4323 O.

380 4363 413 4402 22
433 4349 582 4406 Ferentem
596 4349 633 4403 D.
647 4350 679 4404 0.
688 4348 721 4403 Ρ.

398 4481 443 4536 On
454 4481 485 4536 lit
498 4482 571 4536 dans
583 4482 740 4537 uncertain
750 4484 870 4538 nombre
882 4483 919 4538 de
930 4484 1100 4539 manuscrits
1114 4499 1169 4541 une
1185 4494 1265 4539 autre
1285 4485 1372 4538 Prose
1384 4485 1432 4555 qui
1453 4501 1470 4538 a
1490 4484 1516 4538 le
1529 4485 1622 4538 meme

363 4560 456 4618 debut
489 4562 571 4618 Nous
585 4562 612 4618 la
624 4561 789 4634 publierons
802 4563 866 4634 plus
876 4563 948 4618 tard.
