<?xml version="1.0" encoding="UTF-8"?>
<!DOCTYPE html PUBLIC "-//W3C//DTD XHTML 1.0 Transitional//EN"
    "http://www.w3.org/TR/xhtml1/DTD/xhtml1-transitional.dtd">
<html xmlns="http://www.w3.org/1999/xhtml" xml:lang="en" lang="en">
 <head>
  <title>
</title>
<meta http-equiv="Content-Type" content="text/html;charset=utf-8" />
  <meta name='ocr-system' content='tesseract 3.04.00' />
  <meta name='ocr-capabilities' content='ocr_page ocr_carea ocr_par ocr_line ocrx_word'/>
</head>
<body>
  <div class='ocr_page' id='page_1' title='image "./analectaliturgi00wealgoog/analectaliturgi00wealgoog_0471.png"; bbox 0 0 4102 5792; ppageno 0'>
   <div class='ocr_carea' id='block_1_1' title="bbox 508 521 1625 610">
    <p class='ocr_par' dir='ltr' id='par_1_1' title="bbox 508 521 1625 610">
     <span class='ocr_line' id='line_1_1' title="bbox 508 521 1625 610; baseline 0.002 -19"><span class='ocrx_word' id='word_1_1' title='bbox 508 521 577 610; x_wconf 85' lang='lat'>464</span> <span class='ocrx_word' id='word_1_2' title='bbox 671 539 813 590; x_wconf 76' lang='lat' dir='ltr'>vnosna</span> <span class='ocrx_word' id='word_1_3' title='bbox 840 538 1043 589; x_wconf 78' lang='lat' dir='ltr'>nccnnsrns</span> <span class='ocrx_word' id='word_1_4' title='bbox 1072 537 1290 590; x_wconf 76' lang='lat' dir='ltr'>sconunnn</span> <span class='ocrx_word' id='word_1_5' title='bbox 1317 538 1625 593; x_wconf 71' lang='lat' dir='ltr'>connsunrsusrs</span> 
     </span>
    </p>
   </div>
   <div class='ocr_carea' id='block_1_2' title="bbox 817 735 832 800">
    <p class='ocr_par' dir='ltr' id='par_1_2' title="bbox 817 735 832 800">
     <span class='ocr_line' id='line_1_2' title="bbox 817 735 832 800; baseline 0 0"><span class='ocrx_word' id='word_1_6' title='bbox 817 735 832 800; x_wconf 84' lang='lat'>5</span> 
     </span>
    </p>
   </div>
   <div class='ocr_carea' id='block_1_3' title="bbox 597 846 925 1395">
    <p class='ocr_par' dir='ltr' id='par_1_3' title="bbox 597 846 925 1395">
     <span class='ocr_line' id='line_1_3' title="bbox 686 846 849 924; baseline -0.012 -14"><span class='ocrx_word' id='word_1_7' title='bbox 686 846 849 924; x_wconf 87' lang='lat' dir='ltr'>illibatus,</span> 
     </span>
     <span class='ocr_line' id='line_1_4' title="bbox 685 945 895 1025; baseline -0.005 -18"><span class='ocrx_word' id='word_1_8' title='bbox 685 945 895 1025; x_wconf 89' lang='lat' dir='ltr'>incorruptus</span> 
     </span>
     <span class='ocr_line' id='line_1_5' title="bbox 597 1040 925 1124; baseline -0.006 -20"><span class='ocrx_word' id='word_1_9' title='bbox 597 1063 616 1104; x_wconf 91' lang='lat' dir='ltr'>a</span> <span class='ocrx_word' id='word_1_10' title='bbox 632 1041 768 1124; x_wconf 90' lang='lat' dir='ltr'>pudoris</span> <span class='ocrx_word' id='word_1_11' title='bbox 786 1040 925 1113; x_wconf 82' lang='lat' dir='ltr'>macula,</span> 
     </span>
     <span class='ocr_line' id='line_1_6' title="bbox 686 1138 876 1202; baseline -0.005 -2"><span class='ocrx_word' id='word_1_12' title='bbox 686 1138 876 1202; x_wconf 89' lang='lat' dir='ltr'>Penetravit</span> 
     </span>
     <span class='ocr_line' id='line_1_7' title="bbox 684 1232 882 1316; baseline 0 -19"><span class='ocrx_word' id='word_1_13' title='bbox 684 1245 717 1297; x_wconf 92' lang='lat' dir='ltr'>et</span> <span class='ocrx_word' id='word_1_14' title='bbox 733 1232 882 1316; x_wconf 79' lang='lat' dir='ltr'>profudit</span> 
     </span>
     <span class='ocr_line' id='line_1_8' title="bbox 599 1330 881 1395; baseline -0.004 0"><span class='ocrx_word' id='word_1_15' title='bbox 599 1332 723 1395; x_wconf 89' lang='lat' dir='ltr'>Divina</span> <span class='ocrx_word' id='word_1_16' title='bbox 738 1330 881 1394; x_wconf 91' lang='lat' dir='ltr'>oracula.</span> 
     </span>
    </p>
   </div>
   <div class='ocr_carea' id='block_1_4' title="bbox 816 1459 837 1521">
    <p class='ocr_par' dir='ltr' id='par_1_4' title="bbox 816 1459 837 1521">
     <span class='ocr_line' id='line_1_9' title="bbox 816 1459 837 1521; baseline 0 0"><span class='ocrx_word' id='word_1_17' title='bbox 816 1459 837 1521; x_wconf 91' lang='lat'><strong>6</strong></span> 
     </span>
    </p>
   </div>
   <div class='ocr_carea' id='block_1_5' title="bbox 600 1579 930 2028">
    <p class='ocr_par' dir='ltr' id='par_1_5' title="bbox 600 1579 930 2028">
     <span class='ocr_line' id='line_1_10' title="bbox 686 1579 928 1662; baseline -0.008 -18"><span class='ocrx_word' id='word_1_18' title='bbox 686 1579 796 1662; x_wconf 86' lang='lat' dir='ltr'>Supra</span> <span class='ocrx_word' id='word_1_19' title='bbox 812 1588 928 1662; x_wconf 90' lang='lat' dir='ltr'>pectus</span> 
     </span>
     <span class='ocr_line' id='line_1_11' title="bbox 685 1675 871 1752; baseline -0.011 -13"><span class='ocrx_word' id='word_1_20' title='bbox 685 1675 871 1752; x_wconf 82' lang='lat' dir='ltr'>reclinatus,</span> 
     </span>
     <span class='ocr_line' id='line_1_12' title="bbox 600 1771 930 1836; baseline -0.012 0"><span class='ocrx_word' id='word_1_21' title='bbox 600 1773 744 1836; x_wconf 83' lang='lat' dir='ltr'>Deitatis</span> <span class='ocrx_word' id='word_1_22' title='bbox 761 1771 930 1834; x_wconf 89' lang='lat' dir='ltr'>conscium</span> 
     </span>
     <span class='ocr_line' id='line_1_13' title="bbox 684 1868 843 1950; baseline -0.006 -19"><span class='ocrx_word' id='word_1_23' title='bbox 684 1868 843 1950; x_wconf 87' lang='lat' dir='ltr'>epotavit,</span> 
     </span>
     <span class='ocr_line' id='line_1_14' title="bbox 684 1965 847 2028; baseline -0.006 0"><span class='ocrx_word' id='word_1_24' title='bbox 684 1965 847 2028; x_wconf 90' lang='lat' dir='ltr'>eructavit</span> 
     </span>
    </p>
   </div>
   <div class='ocr_carea' id='block_1_6' title="bbox 595 2061 1078 2143">
    <p class='ocr_par' dir='ltr' id='par_1_6' title="bbox 595 2061 1078 2143">
     <span class='ocr_line' id='line_1_15' title="bbox 595 2061 1078 2143; baseline -0.002 -18"><span class='ocrx_word' id='word_1_25' title='bbox 595 2083 695 2126; x_wconf 87' lang='lat' dir='ltr'>omne</span> <span class='ocrx_word' id='word_1_26' title='bbox 712 2061 802 2143; x_wconf 92' lang='lat' dir='ltr'>quod</span> <span class='ocrx_word' id='word_1_27' title='bbox 820 2070 871 2124; x_wconf 92' lang='lat' dir='ltr'>est</span> <span class='ocrx_word' id='word_1_28' title='bbox 891 2061 1078 2143; x_wconf 88' lang='lat' dir='ltr'>mysticum.</span> 
     </span>
    </p>
   </div>
   <div class='ocr_carea' id='block_1_7' title="bbox 814 2203 833 2266">
    <p class='ocr_par' dir='ltr' id='par_1_7' title="bbox 814 2203 833 2266">
     <span class='ocr_line' id='line_1_16' title="bbox 814 2203 833 2266; baseline 0 0"><span class='ocrx_word' id='word_1_29' title='bbox 814 2203 833 2266; x_wconf 94' lang='lat'><em>7</em></span> 
     </span>
    </p>
   </div>
   <div class='ocr_carea' id='block_1_8' title="bbox 594 2309 949 2861">
    <p class='ocr_par' dir='ltr' id='par_1_8' title="bbox 594 2309 949 2585">
     <span class='ocr_line' id='line_1_17' title="bbox 683 2309 897 2372; baseline -0.014 0"><span class='ocrx_word' id='word_1_30' title='bbox 683 2309 802 2372; x_wconf 87' lang='lat' dir='ltr'>Matris</span> <span class='ocrx_word' id='word_1_31' title='bbox 822 2309 897 2370; x_wconf 90' lang='lat' dir='ltr'>lesu</span> 
     </span>
     <span class='ocr_line' id='line_1_18' title="bbox 682 2407 870 2468; baseline -0.011 0"><span class='ocrx_word' id='word_1_32' title='bbox 682 2407 764 2468; x_wconf 90' lang='lat' dir='ltr'>Eius</span> <span class='ocrx_word' id='word_1_33' title='bbox 781 2407 870 2467; x_wconf 89' lang='lat' dir='ltr'>iussu</span> 
     </span>
     <span class='ocr_line' id='line_1_19' title="bbox 594 2501 949 2585; baseline -0.017 -17"><span class='ocrx_word' id='word_1_34' title='bbox 594 2505 796 2585; x_wconf 85' lang='lat' dir='ltr'>subrogatus</span> <span class='ocrx_word' id='word_1_35' title='bbox 813 2501 949 2578; x_wconf 88' lang='lat' dir='ltr'>assecla,</span> 
     </span>
    </p>

    <p class='ocr_par' dir='ltr' id='par_1_9' title="bbox 597 2603 923 2861">
     <span class='ocr_line' id='line_1_20' title="bbox 685 2603 923 2682; baseline -0.017 -18"><span class='ocrx_word' id='word_1_36' title='bbox 685 2603 801 2664; x_wconf 90' lang='lat' dir='ltr'>Mente</span> <span class='ocrx_word' id='word_1_37' title='bbox 818 2620 923 2682; x_wconf 91' lang='lat' dir='ltr'>prona</span> 
     </span>
     <span class='ocr_line' id='line_1_21' title="bbox 685 2700 826 2762; baseline -0.014 0"><span class='ocrx_word' id='word_1_38' title='bbox 685 2700 730 2762; x_wconf 89' lang='lat' dir='ltr'>iiii</span> <span class='ocrx_word' id='word_1_39' title='bbox 748 2718 826 2761; x_wconf 91' lang='lat' dir='ltr'>cura</span> 
     </span>
     <span class='ocr_line' id='line_1_22' title="bbox 597 2793 900 2861; baseline -0.023 0"><span class='ocrx_word' id='word_1_40' title='bbox 597 2797 754 2861; x_wconf 87' lang='lat' dir='ltr'>successit</span> <span class='ocrx_word' id='word_1_41' title='bbox 771 2793 900 2856; x_wconf 91' lang='lat' dir='ltr'>vicaria.</span> 
     </span>
    </p>
   </div>
   <div class='ocr_carea' id='block_1_9' title="bbox 816 2923 834 2984">
    <p class='ocr_par' dir='ltr' id='par_1_10' title="bbox 816 2923 834 2984">
     <span class='ocr_line' id='line_1_23' title="bbox 816 2923 834 2984; baseline 0 0"><span class='ocrx_word' id='word_1_42' title='bbox 816 2923 834 2984; x_wconf 91' lang='lat'>8</span> 
     </span>
    </p>
   </div>
   <div class='ocr_carea' id='block_1_10' title="bbox 595 3045 972 3606">
    <p class='ocr_par' dir='ltr' id='par_1_11' title="bbox 682 3045 907 3109">
     <span class='ocr_line' id='line_1_24' title="bbox 682 3045 907 3109; baseline -0.018 0"><span class='ocrx_word' id='word_1_43' title='bbox 682 3046 778 3109; x_wconf 88' lang='lat' dir='ltr'>Vidit</span> <span class='ocrx_word' id='word_1_44' title='bbox 797 3045 907 3107; x_wconf 89' lang='lat' dir='ltr'>Roma</span> 
     </span>
    </p>

    <p class='ocr_par' dir='ltr' id='par_1_12' title="bbox 595 3137 972 3321">
     <span class='ocr_line' id='line_1_25' title="bbox 680 3137 972 3224; baseline -0.014 -20"><span class='ocrx_word' id='word_1_45' title='bbox 680 3141 770 3224; x_wconf 90' lang='lat' dir='ltr'>quod</span> <span class='ocrx_word' id='word_1_46' title='bbox 788 3139 850 3202; x_wconf 93' lang='lat' dir='ltr'>sub</span> <span class='ocrx_word' id='word_1_47' title='bbox 867 3137 972 3201; x_wconf 85' lang='lat' dir='ltr'>multa</span> 
     </span>
     <span class='ocr_line' id='line_1_26' title="bbox 595 3239 942 3321; baseline -0.02 -14"><span class='ocrx_word' id='word_1_48' title='bbox 595 3251 732 3307; x_wconf 88' lang='lat' dir='ltr'>senatus</span> <span class='ocrx_word' id='word_1_49' title='bbox 749 3239 942 3321; x_wconf 83' lang='lat' dir='ltr'>frequentia,</span> 
     </span>
    </p>

    <p class='ocr_par' dir='ltr' id='par_1_13' title="bbox 683 3333 848 3416">
     <span class='ocr_line' id='line_1_27' title="bbox 683 3333 848 3416; baseline -0.024 -18"><span class='ocrx_word' id='word_1_50' title='bbox 683 3333 848 3416; x_wconf 86' lang='lat' dir='ltr'>Virginaii</span> 
     </span>
    </p>

    <p class='ocr_par' dir='ltr' id='par_1_14' title="bbox 598 3428 910 3606">
     <span class='ocr_line' id='line_1_28' title="bbox 683 3428 889 3492; baseline -0.019 0"><span class='ocrx_word' id='word_1_51' title='bbox 683 3431 782 3492; x_wconf 89' lang='lat' dir='ltr'>cessit</span> <span class='ocrx_word' id='word_1_52' title='bbox 799 3428 889 3491; x_wconf 90' lang='lat' dir='ltr'>carni</span> 
     </span>
     <span class='ocr_line' id='line_1_29' title="bbox 598 3525 910 3606; baseline -0.029 -12"><span class='ocrx_word' id='word_1_53' title='bbox 598 3529 733 3593; x_wconf 88' lang='lat' dir='ltr'>flamma</span> <span class='ocrx_word' id='word_1_54' title='bbox 750 3525 910 3606; x_wconf 85' lang='lat' dir='ltr'>oleagina.</span> 
     </span>
    </p>
   </div>
   <div class='ocr_carea' id='block_1_11' title="bbox 816 3667 837 3729">
    <p class='ocr_par' dir='ltr' id='par_1_15' title="bbox 816 3667 837 3729">
     <span class='ocr_line' id='line_1_30' title="bbox 816 3667 837 3729; baseline 0 0"><span class='ocrx_word' id='word_1_55' title='bbox 816 3667 837 3729; x_wconf 92' lang='lat'>9</span> 
     </span>
    </p>
   </div>
   <div class='ocr_carea' id='block_1_12' title="bbox 598 3771 992 4343">
    <p class='ocr_par' dir='ltr' id='par_1_16' title="bbox 598 3771 992 4343">
     <span class='ocr_line' id='line_1_31' title="bbox 686 3771 849 3854; baseline -0.018 -19"><span class='ocrx_word' id='word_1_56' title='bbox 686 3771 849 3854; x_wconf 85' lang='lat' dir='ltr'>Relegato</span> 
     </span>
     <span class='ocr_line' id='line_1_32' title="bbox 684 3873 894 3935; baseline -0.019 0"><span class='ocrx_word' id='word_1_57' title='bbox 684 3883 716 3935; x_wconf 90' lang='lat' dir='ltr'>et</span> <span class='ocrx_word' id='word_1_58' title='bbox 733 3873 894 3935; x_wconf 90' lang='lat' dir='ltr'>damnato</span> 
     </span>
     <span class='ocr_line' id='line_1_33' title="bbox 598 3965 992 4048; baseline -0.018 -14"><span class='ocrx_word' id='word_1_59' title='bbox 598 3989 665 4034; x_wconf 91' lang='lat' dir='ltr'>non</span> <span class='ocrx_word' id='word_1_60' title='bbox 682 3977 733 4030; x_wconf 89' lang='lat' dir='ltr'>est</span> <span class='ocrx_word' id='word_1_61' title='bbox 749 3967 844 4030; x_wconf 89' lang='lat' dir='ltr'>exsul</span> <span class='ocrx_word' id='word_1_62' title='bbox 861 3965 971 4048; x_wconf 86' lang='lat' dir='ltr'>gratia</span> <span class='ocrx_word' id='word_1_63' title='bbox 985 3986 992 4042; x_wconf 91' lang='lat'>;</span> 
     </span>
     <span class='ocr_line' id='line_1_34' title="bbox 688 4069 913 4131; baseline -0.004 0"><span class='ocrx_word' id='word_1_64' title='bbox 688 4069 808 4131; x_wconf 91' lang='lat' dir='ltr'>Patent</span> <span class='ocrx_word' id='word_1_65' title='bbox 824 4076 913 4130; x_wconf 86' lang='lat' dir='ltr'>astra</span> 
     </span>
     <span class='ocr_line' id='line_1_35' title="bbox 687 4172 854 4246; baseline -0.012 -20"><span class='ocrx_word' id='word_1_66' title='bbox 687 4173 721 4226; x_wconf 91' lang='lat' dir='ltr'>et</span> <span class='ocrx_word' id='word_1_67' title='bbox 737 4172 854 4246; x_wconf 90' lang='lat' dir='ltr'>operta</span> 
     </span>
     <span class='ocr_line' id='line_1_36' title="bbox 601 4259 935 4343; baseline -0.015 -17"><span class='ocrx_word' id='word_1_68' title='bbox 601 4263 753 4327; x_wconf 91' lang='lat' dir='ltr'>visuntur</span> <span class='ocrx_word' id='word_1_69' title='bbox 769 4259 935 4343; x_wconf 89' lang='lat' dir='ltr'>mysteria.</span> 
     </span>
    </p>
   </div>
   <div class='ocr_carea' id='block_1_13' title="bbox 814 4406 852 4453">
    <p class='ocr_par' dir='ltr' id='par_1_17' title="bbox 814 4406 852 4453">
     <span class='ocr_line' id='line_1_37' title="bbox 814 4406 852 4453; baseline 0.026 -1"><span class='ocrx_word' id='word_1_70' title='bbox 814 4406 852 4453; x_wconf 85' lang='lat'>10</span> 
     </span>
    </p>
   </div>
   <div class='ocr_carea' id='block_1_14' title="bbox 602 4519 926 5086">
    <p class='ocr_par' dir='ltr' id='par_1_18' title="bbox 602 4519 926 5086">
     <span class='ocr_line' id='line_1_38' title="bbox 690 4519 871 4584; baseline -0.017 0"><span class='ocrx_word' id='word_1_71' title='bbox 690 4521 774 4584; x_wconf 85' lang='lat' dir='ltr'>Pace</span> <span class='ocrx_word' id='word_1_72' title='bbox 790 4519 871 4582; x_wconf 87' lang='lat' dir='ltr'>data</span> 
     </span>
     <span class='ocr_line' id='line_1_39' title="bbox 688 4615 906 4700; baseline -0.005 -21"><span class='ocrx_word' id='word_1_73' title='bbox 688 4615 818 4700; x_wconf 91' lang='lat' dir='ltr'>plaudit</span> <span class='ocrx_word' id='word_1_74' title='bbox 835 4623 906 4678; x_wconf 84' lang='lat' dir='ltr'>tota</span> 
     </span>
     <span class='ocr_line' id='line_1_40' title="bbox 602 4710 864 4786; baseline -0.019 -9"><span class='ocrx_word' id='word_1_75' title='bbox 602 4712 753 4777; x_wconf 91' lang='lat' dir='ltr'>redeunti</span> <span class='ocrx_word' id='word_1_76' title='bbox 770 4710 864 4786; x_wconf 88' lang='lat' dir='ltr'>Asia,</span> 
     </span>
     <span class='ocr_line' id='line_1_41' title="bbox 692 4809 855 4872; baseline -0.012 0"><span class='ocrx_word' id='word_1_77' title='bbox 692 4809 855 4872; x_wconf 90' lang='lat' dir='ltr'>Rediviva</span> 
     </span>
     <span class='ocr_line' id='line_1_42' title="bbox 692 4903 903 4986; baseline -0.005 -19"><span class='ocrx_word' id='word_1_78' title='bbox 692 4903 819 4986; x_wconf 85' lang='lat' dir='ltr'>spirant</span> <span class='ocrx_word' id='word_1_79' title='bbox 835 4903 903 4966; x_wconf 89' lang='lat' dir='ltr'>vita</span> 
     </span>
     <span class='ocr_line' id='line_1_43' title="bbox 604 4999 926 5086; baseline -0.009 -21"><span class='ocrx_word' id='word_1_80' title='bbox 604 5001 753 5086; x_wconf 88' lang='lat' dir='ltr'>ephebus</span> <span class='ocrx_word' id='word_1_81' title='bbox 769 5009 801 5063; x_wconf 89' lang='lat' dir='ltr'>et</span> <span class='ocrx_word' id='word_1_82' title='bbox 818 4999 926 5064; x_wconf 85' lang='lat' dir='ltr'>vidua.</span> 
     </span>
    </p>
   </div>
   <div class='ocr_carea' id='block_1_15' title="bbox 1439 738 1473 784">
    <p class='ocr_par' dir='ltr' id='par_1_19' title="bbox 1439 738 1473 784">
     <span class='ocr_line' id='line_1_44' title="bbox 1439 738 1473 784; baseline 0.029 -1"><span class='ocrx_word' id='word_1_83' title='bbox 1439 738 1473 784; x_wconf 90' lang='lat'>11</span> 
     </span>
    </p>
   </div>
   <div class='ocr_carea' id='block_1_16' title="bbox 1229 845 1594 1396">
    <p class='ocr_par' dir='ltr' id='par_1_20' title="bbox 1229 845 1594 1396">
     <span class='ocr_line' id='line_1_45' title="bbox 1318 845 1594 912; baseline 0.004 -2"><span class='ocrx_word' id='word_1_84' title='bbox 1318 845 1421 910; x_wconf 92' lang='lat' dir='ltr'>Virus</span> <span class='ocrx_word' id='word_1_85' title='bbox 1436 847 1594 912; x_wconf 88' lang='lat' dir='ltr'>haustum</span> 
     </span>
     <span class='ocr_line' id='line_1_46' title="bbox 1316 943 1570 1027; baseline 0 -17"><span class='ocrx_word' id='word_1_86' title='bbox 1316 943 1383 1010; x_wconf 84' lang='lat' dir='ltr'>Sed</span> <span class='ocrx_word' id='word_1_87' title='bbox 1401 945 1570 1027; x_wconf 86' lang='lat' dir='ltr'>signatum</span> 
     </span>
     <span class='ocr_line' id='line_1_47' title="bbox 1229 1040 1589 1120; baseline 0.011 -18"><span class='ocrx_word' id='word_1_88' title='bbox 1229 1040 1309 1104; x_wconf 90' lang='lat' dir='ltr'>nihil</span> <span class='ocrx_word' id='word_1_89' title='bbox 1326 1041 1439 1108; x_wconf 89' lang='lat' dir='ltr'>turbat</span> <span class='ocrx_word' id='word_1_90' title='bbox 1456 1042 1589 1120; x_wconf 86' lang='lat' dir='ltr'>viscera,</span> 
     </span>
     <span class='ocr_line' id='line_1_48' title="bbox 1316 1136 1569 1221; baseline 0.004 -20"><span class='ocrx_word' id='word_1_91' title='bbox 1316 1136 1393 1221; x_wconf 83' lang='lat' dir='ltr'>Quo</span> <span class='ocrx_word' id='word_1_92' title='bbox 1409 1139 1569 1204; x_wconf 86' lang='lat' dir='ltr'>exstincti</span> 
     </span>
     <span class='ocr_line' id='line_1_49' title="bbox 1318 1237 1542 1316; baseline 0.009 -20"><span class='ocrx_word' id='word_1_93' title='bbox 1318 1245 1457 1316; x_wconf 86' lang='lat' dir='ltr'>surgunt</span> <span class='ocrx_word' id='word_1_94' title='bbox 1474 1237 1542 1300; x_wconf 94' lang='lat' dir='ltr'>bini</span> 
     </span>
     <span class='ocr_line' id='line_1_50' title="bbox 1230 1331 1556 1396; baseline 0.006 -2"><span class='ocrx_word' id='word_1_95' title='bbox 1230 1331 1417 1395; x_wconf 88' lang='lat' dir='ltr'>medicante</span> <span class='ocrx_word' id='word_1_96' title='bbox 1434 1333 1556 1396; x_wconf 88' lang='lat' dir='ltr'>tunica.</span> 
     </span>
    </p>
   </div>
   <div class='ocr_carea' id='block_1_17' title="bbox 1440 1475 1477 1522">
    <p class='ocr_par' dir='ltr' id='par_1_21' title="bbox 1440 1475 1477 1522">
     <span class='ocr_line' id='line_1_51' title="bbox 1440 1475 1477 1522; baseline 0 0"><span class='ocrx_word' id='word_1_97' title='bbox 1440 1475 1477 1522; x_wconf 87' lang='lat'>12</span> 
     </span>
    </p>
   </div>
   <div class='ocr_carea' id='block_1_18' title="bbox 1225 1579 1573 2142">
    <p class='ocr_par' dir='ltr' id='par_1_22' title="bbox 1225 1579 1573 2142">
     <span class='ocr_line' id='line_1_52' title="bbox 1316 1579 1573 1644; baseline 0.008 -2"><span class='ocrx_word' id='word_1_98' title='bbox 1316 1579 1343 1642; x_wconf 89' lang='lat' dir='ltr'>F</span> <span class='ocrx_word' id='word_1_99' title='bbox 1345 1581 1465 1643; x_wconf 88' lang='lat' dir='ltr'>rondes</span> <span class='ocrx_word' id='word_1_100' title='bbox 1482 1579 1573 1644; x_wconf 87' lang='lat' dir='ltr'>suivo</span> 
     </span>
     <span class='ocr_line' id='line_1_53' title="bbox 1317 1675 1542 1754; baseline 0.013 -18"><span class='ocrx_word' id='word_1_101' title='bbox 1317 1675 1435 1740; x_wconf 87' lang='lat' dir='ltr'>ludunt</span> <span class='ocrx_word' id='word_1_102' title='bbox 1452 1697 1542 1754; x_wconf 88' lang='lat' dir='ltr'>auro,</span> 
     </span>
     <span class='ocr_line' id='line_1_54' title="bbox 1227 1770 1562 1854; baseline 0.009 -21"><span class='ocrx_word' id='word_1_103' title='bbox 1227 1770 1375 1835; x_wconf 89' lang='lat' dir='ltr'>flavescit</span> <span class='ocrx_word' id='word_1_104' title='bbox 1391 1781 1424 1835; x_wconf 88' lang='lat' dir='ltr'>et</span> <span class='ocrx_word' id='word_1_105' title='bbox 1440 1771 1562 1854; x_wconf 83' lang='lat' dir='ltr'>glarea,</span> 
     </span>
     <span class='ocr_line' id='line_1_55' title="bbox 1316 1868 1526 1931; baseline 0 -1"><span class='ocrx_word' id='word_1_106' title='bbox 1316 1868 1425 1930; x_wconf 89' lang='lat' dir='ltr'>rident</span> <span class='ocrx_word' id='word_1_107' title='bbox 1442 1888 1526 1931; x_wconf 88' lang='lat' dir='ltr'>saxa</span> 
     </span>
     <span class='ocr_line' id='line_1_56' title="bbox 1316 1964 1472 2028; baseline 0.006 -3"><span class='ocrx_word' id='word_1_108' title='bbox 1316 1964 1472 2028; x_wconf 87' lang='lat' dir='ltr'>investita</span> 
     </span>
     <span class='ocr_line' id='line_1_57' title="bbox 1225 2059 1555 2142; baseline 0.006 -20"><span class='ocrx_word' id='word_1_109' title='bbox 1225 2059 1376 2124; x_wconf 89' lang='lat' dir='ltr'>claritate</span> <span class='ocrx_word' id='word_1_110' title='bbox 1392 2081 1555 2142; x_wconf 85' lang='lat' dir='ltr'>gemmea.</span> 
     </span>
    </p>
   </div>
   <div class='ocr_carea' id='block_1_19' title="bbox 1226 2205 1622 2877">
    <p class='ocr_par' dir='ltr' id='par_1_23' title="bbox 1226 2205 1622 2877">
     <span class='ocr_line' id='line_1_58' title="bbox 1437 2205 1473 2268; baseline 0 0"><span class='ocrx_word' id='word_1_111' title='bbox 1437 2205 1473 2268; x_wconf 83' lang='grc' dir='ltr'>Ι3</span> 
     </span>
     <span class='ocr_line' id='line_1_59' title="bbox 1316 2307 1587 2371; baseline 0.004 -1"><span class='ocrx_word' id='word_1_112' title='bbox 1316 2309 1399 2370; x_wconf 88' lang='lat' dir='ltr'>Mox</span> <span class='ocrx_word' id='word_1_113' title='bbox 1416 2307 1587 2371; x_wconf 83' lang='lat' dir='ltr'>confectus</span> 
     </span>
     <span class='ocr_line' id='line_1_60' title="bbox 1315 2425 1581 2486; baseline 0 -20"><span class='ocrx_word' id='word_1_114' title='bbox 1315 2425 1444 2468; x_wconf 87' lang='lat' dir='ltr'>sacrum</span> <span class='ocrx_word' id='word_1_115' title='bbox 1461 2425 1581 2486; x_wconf 91' lang='lat' dir='ltr'>corpus</span> 
     </span>
     <span class='ocr_line' id='line_1_61' title="bbox 1226 2503 1532 2584; baseline 0 -20"><span class='ocrx_word' id='word_1_116' title='bbox 1226 2511 1336 2564; x_wconf 87' lang='lat' dir='ltr'>aetate</span> <span class='ocrx_word' id='word_1_117' title='bbox 1352 2503 1532 2584; x_wconf 87' lang='lat' dir='ltr'>decrepita,</span> 
     </span>
     <span class='ocr_line' id='line_1_62' title="bbox 1315 2599 1597 2664; baseline -0.004 0"><span class='ocrx_word' id='word_1_118' title='bbox 1315 2599 1411 2664; x_wconf 91' lang='lat' dir='ltr'>Vidit</span> <span class='ocrx_word' id='word_1_119' title='bbox 1428 2599 1597 2664; x_wconf 89' lang='lat' dir='ltr'>Christum</span> 
     </span>
     <span class='ocr_line' id='line_1_63' title="bbox 1316 2699 1519 2781; baseline 0.02 -21"><span class='ocrx_word' id='word_1_120' title='bbox 1316 2699 1519 2781; x_wconf 91' lang='lat' dir='ltr'>suspiratum</span> 
     </span>
     <span class='ocr_line' id='line_1_64' title="bbox 1227 2795 1622 2877; baseline 0.008 -22"><span class='ocrx_word' id='word_1_121' title='bbox 1227 2803 1402 2857; x_wconf 89' lang='lat' dir='ltr'>vocantem</span> <span class='ocrx_word' id='word_1_122' title='bbox 1420 2795 1462 2858; x_wconf 91' lang='lat' dir='ltr'>ad</span> <span class='ocrx_word' id='word_1_123' title='bbox 1479 2795 1622 2877; x_wconf 84' lang='lat' dir='ltr'>gaudia:</span> 
     </span>
    </p>
   </div>
   <div class='ocr_carea' id='block_1_20' title="bbox 1226 2939 1566 3591">
    <p class='ocr_par' dir='ltr' id='par_1_24' title="bbox 1226 2939 1566 3591">
     <span class='ocr_line' id='line_1_65' title="bbox 1436 2939 1474 3000; baseline 0.026 -1"><span class='ocrx_word' id='word_1_124' title='bbox 1436 2939 1474 3000; x_wconf 84' lang='lat'>14</span> 
     </span>
     <span class='ocr_line' id='line_1_66' title="bbox 1314 3043 1546 3121; baseline 0.009 -17"><span class='ocrx_word' id='word_1_125' title='bbox 1314 3047 1331 3074; x_wconf 80' lang='lat'>‘⁶</span> <span class='ocrx_word' id='word_1_126' title='bbox 1350 3043 1398 3105; x_wconf 92' lang='lat' dir='ltr'>Mi</span> <span class='ocrx_word' id='word_1_127' title='bbox 1414 3043 1546 3121; x_wconf 88' lang='lat' dir='ltr'>dilecte,</span> 
     </span>
     <span class='ocr_line' id='line_1_67' title="bbox 1313 3149 1549 3222; baseline 0.004 -20"><span class='ocrx_word' id='word_1_128' title='bbox 1313 3149 1447 3222; x_wconf 88' lang='lat' dir='ltr'>tempus</span> <span class='ocrx_word' id='word_1_129' title='bbox 1464 3160 1549 3217; x_wconf 89' lang='lat' dir='ltr'>ecce,</span> 
     </span>
     <span class='ocr_line' id='line_1_68' title="bbox 1226 3237 1566 3319; baseline 0.006 -19"><span class='ocrx_word' id='word_1_130' title='bbox 1226 3237 1313 3300; x_wconf 92' lang='lat' dir='ltr'>Veni</span> <span class='ocrx_word' id='word_1_131' title='bbox 1330 3237 1372 3300; x_wconf 89' lang='lat' dir='ltr'>ad</span> <span class='ocrx_word' id='word_1_132' title='bbox 1390 3239 1542 3302; x_wconf 90' lang='lat' dir='ltr'>convivia</span> <span class='ocrx_word' id='word_1_133' title='bbox 1559 3261 1566 3319; x_wconf 90' lang='lat'>;</span> 
     </span>
     <span class='ocr_line' id='line_1_69' title="bbox 1316 3331 1472 3414; baseline 0.006 -20"><span class='ocrx_word' id='word_1_134' title='bbox 1316 3331 1472 3414; x_wconf 90' lang='lat' dir='ltr'>Epulare,</span> 
     </span>
     <span class='ocr_line' id='line_1_70' title="bbox 1314 3425 1501 3492; baseline 0.011 -2"><span class='ocrx_word' id='word_1_135' title='bbox 1314 3425 1345 3490; x_wconf 95' lang='grc' dir='ltr'>Ο</span> <span class='ocrx_word' id='word_1_136' title='bbox 1364 3428 1408 3490; x_wconf 91' lang='lat' dir='ltr'>mi</span> <span class='ocrx_word' id='word_1_137' title='bbox 1425 3449 1501 3492; x_wconf 89' lang='lat' dir='ltr'>care</span> 
     </span>
     <span class='ocr_line' id='line_1_71' title="bbox 1226 3523 1561 3591; baseline 0.009 -5"><span class='ocrx_word' id='word_1_138' title='bbox 1226 3523 1259 3586; x_wconf 95' lang='lat' dir='ltr'>in</span> <span class='ocrx_word' id='word_1_139' title='bbox 1277 3523 1412 3588; x_wconf 87' lang='lat' dir='ltr'>caelesti</span> <span class='ocrx_word' id='word_1_140' title='bbox 1429 3527 1529 3591; x_wconf 89' lang='lat' dir='ltr'>curia.</span> <span class='ocrx_word' id='word_1_141' title='bbox 1546 3527 1561 3552; x_wconf 89' lang='lat'><strong>”</strong></span> 
     </span>
    </p>
   </div>
   <div class='ocr_carea' id='block_1_21' title="bbox 1230 3665 1589 4323">
    <p class='ocr_par' dir='ltr' id='par_1_25' title="bbox 1230 3665 1589 4323">
     <span class='ocr_line' id='line_1_72' title="bbox 1440 3665 1475 3732; baseline 0 0"><span class='ocrx_word' id='word_1_142' title='bbox 1440 3665 1475 3732; x_wconf 83' lang='lat'>15</span> 
     </span>
     <span class='ocr_line' id='line_1_73' title="bbox 1317 3769 1512 3848; baseline 0 -14"><span class='ocrx_word' id='word_1_143' title='bbox 1317 3769 1378 3834; x_wconf 88' lang='lat' dir='ltr'>Ille</span> <span class='ocrx_word' id='word_1_144' title='bbox 1395 3770 1512 3848; x_wconf 76' lang='lat' dir='ltr'>libenS,</span> 
     </span>
     <span class='ocr_line' id='line_1_74' title="bbox 1316 3869 1501 3934; baseline 0.016 -4"><span class='ocrx_word' id='word_1_145' title='bbox 1316 3869 1369 3931; x_wconf 90' lang='lat' dir='ltr'>ille</span> <span class='ocrx_word' id='word_1_146' title='bbox 1385 3869 1501 3934; x_wconf 90' lang='lat' dir='ltr'>vivens</span> 
     </span>
     <span class='ocr_line' id='line_1_75' title="bbox 1230 3963 1541 4042; baseline 0.006 -16"><span class='ocrx_word' id='word_1_147' title='bbox 1230 3983 1265 4027; x_wconf 87' lang='lat' dir='ltr'>se</span> <span class='ocrx_word' id='word_1_148' title='bbox 1281 3963 1369 4029; x_wconf 90' lang='lat' dir='ltr'>locat</span> <span class='ocrx_word' id='word_1_149' title='bbox 1386 3965 1419 4028; x_wconf 92' lang='lat' dir='ltr'>in</span> <span class='ocrx_word' id='word_1_150' title='bbox 1436 3965 1541 4042; x_wconf 81' lang='lat' dir='ltr'>fovea,</span> 
     </span>
     <span class='ocr_line' id='line_1_76' title="bbox 1320 4065 1567 4142; baseline -0.004 -13"><span class='ocrx_word' id='word_1_151' title='bbox 1320 4065 1365 4129; x_wconf 90' lang='lat' dir='ltr'>Et</span> <span class='ocrx_word' id='word_1_152' title='bbox 1381 4085 1448 4129; x_wconf 91' lang='lat' dir='ltr'>non</span> <span class='ocrx_word' id='word_1_153' title='bbox 1466 4085 1567 4142; x_wconf 88' lang='lat' dir='ltr'>mora,</span> 
     </span>
     <span class='ocr_line' id='line_1_77' title="bbox 1316 4161 1489 4244; baseline 0.017 -21"><span class='ocrx_word' id='word_1_154' title='bbox 1316 4163 1388 4244; x_wconf 90' lang='lat' dir='ltr'>ipsa</span> <span class='ocrx_word' id='word_1_155' title='bbox 1405 4161 1489 4226; x_wconf 91' lang='lat' dir='ltr'>hora</span> 
     </span>
     <span class='ocr_line' id='line_1_78' title="bbox 1231 4259 1589 4323; baseline 0 -3"><span class='ocrx_word' id='word_1_156' title='bbox 1231 4277 1364 4322; x_wconf 86' lang='lat' dir='ltr'>carnem</span> <span class='ocrx_word' id='word_1_157' title='bbox 1381 4259 1452 4323; x_wconf 88' lang='lat' dir='ltr'>exit</span> <span class='ocrx_word' id='word_1_158' title='bbox 1469 4260 1589 4322; x_wconf 90' lang='lat' dir='ltr'>anima.</span> 
     </span>
    </p>
   </div>
   <div class='ocr_carea' id='block_1_22' title="bbox 1442 4389 1480 4450">
    <p class='ocr_par' dir='ltr' id='par_1_26' title="bbox 1442 4389 1480 4450">
     <span class='ocr_line' id='line_1_79' title="bbox 1442 4389 1480 4450; baseline 0 0"><span class='ocrx_word' id='word_1_159' title='bbox 1442 4389 1480 4450; x_wconf 93' lang='lat'>16</span> 
     </span>
    </p>
   </div>
   <div class='ocr_carea' id='block_1_23' title="bbox 1236 4517 1600 5065">
    <p class='ocr_par' dir='ltr' id='par_1_27' title="bbox 1236 4517 1600 5065">
     <span class='ocr_line' id='line_1_80' title="bbox 1320 4517 1566 4600; baseline -0.004 -18"><span class='ocrx_word' id='word_1_160' title='bbox 1320 4519 1351 4582; x_wconf 94' lang='lat' dir='ltr'>O</span> <span class='ocrx_word' id='word_1_161' title='bbox 1369 4517 1566 4600; x_wconf 87' lang='lat' dir='ltr'>sympnista,</span> 
     </span>
     <span class='ocr_line' id='line_1_81' title="bbox 1322 4614 1511 4679; baseline -0.016 0"><span class='ocrx_word' id='word_1_162' title='bbox 1322 4614 1352 4679; x_wconf 95' lang='lat' dir='ltr'>O</span> <span class='ocrx_word' id='word_1_163' title='bbox 1369 4614 1511 4676; x_wconf 91' lang='lat' dir='ltr'>conviva</span> 
     </span>
     <span class='ocr_line' id='line_1_82' title="bbox 1236 4708 1600 4787; baseline -0.008 -12"><span class='ocrx_word' id='word_1_164' title='bbox 1236 4710 1391 4775; x_wconf 88' lang='lat' dir='ltr'>Viventis</span> <span class='ocrx_word' id='word_1_165' title='bbox 1407 4710 1439 4772; x_wconf 91' lang='lat' dir='ltr'>in</span> <span class='ocrx_word' id='word_1_166' title='bbox 1457 4708 1600 4787; x_wconf 88' lang='lat' dir='ltr'>saecula,</span> 
     </span>
     <span class='ocr_line' id='line_1_83' title="bbox 1323 4806 1533 4870; baseline -0.01 0"><span class='ocrx_word' id='word_1_167' title='bbox 1323 4808 1386 4870; x_wconf 91' lang='lat' dir='ltr'>Pro</span> <span class='ocrx_word' id='word_1_168' title='bbox 1402 4806 1533 4870; x_wconf 89' lang='lat' dir='ltr'>devotis</span> 
     </span>
     <span class='ocr_line' id='line_1_84' title="bbox 1321 4903 1498 4966; baseline 0 0"><span class='ocrx_word' id='word_1_169' title='bbox 1321 4923 1379 4966; x_wconf 91' lang='lat' dir='ltr'>ora</span> <span class='ocrx_word' id='word_1_170' title='bbox 1395 4903 1498 4966; x_wconf 87' lang='lat' dir='ltr'>servis</span> 
     </span>
     <span class='ocr_line' id='line_1_85' title="bbox 1236 4999 1552 5065; baseline -0.013 -1"><span class='ocrx_word' id='word_1_171' title='bbox 1236 5009 1271 5064; x_wconf 91' lang='lat' dir='ltr'>ut</span> <span class='ocrx_word' id='word_1_172' title='bbox 1287 4999 1431 5065; x_wconf 89' lang='lat' dir='ltr'>donetur</span> <span class='ocrx_word' id='word_1_173' title='bbox 1446 4999 1552 5064; x_wconf 89' lang='lat' dir='ltr'>venia.</span> 
     </span>
    </p>
   </div>
   <div class='ocr_carea' id='block_1_24' title="bbox 0 0 2056 5792">
    <p class='ocr_par' dir='ltr' id='par_1_28' title="bbox 0 0 2056 5792">
     <span class='ocr_line' id='line_1_86' title="bbox 0 0 2056 5792; baseline 0 3"><span class='ocrx_word' id='word_1_174' title='bbox 0 0 2056 5792; x_wconf 95' lang='lat' dir='ltr'> </span> 
     </span>
    </p>
   </div>
  </div>
 </body>
</html>
