4096 5794
480 530 498 602 5
505 529 552 601 50
739 525 881 577 PROSAE
909 525 1113 576 ECCLESlAE
1140 524 1468 576 CONSTANTIENSIS

502 711 553 790 98.
579 707 611 772 S.
624 705 742 781 Laudi,
765 705 1034 770 Constantiensis
1055 703 1213 788 episcopi,
1240 703 1444 786 Sequentia:
1471 703 1739 786 Luxpraeelara,

610 805 670 867 lux
683 802 855 878 sollemnis,
870 823 969 886 quam
990 801 1112 864 electus.
1131 849 1648 865 ...................................
1676 803 1740 885 396

502 921 554 985 99.
580 899 759 965 Dominica
776 897 861 962 inlra
878 910 1032 963 octavam
1050 896 1082 962 S.
1097 896 1215 972 Laudi,
1232 896 1437 978 Sequentia:
1472 898 1591 961 Sancte
1616 897 1740 976 Laude,

613 997 705 1060 miles
727 995 858 1077 egregie.
876 1041 1651 1060 ......................................................
1677 1009 1739 1074 397

487 1111 554 1157 100.
579 1092 639 1158 SS.
653 1093 797 1157 Cosmae
810 1101 843 1155 et
855 1090 1024 1163 Damiani,
1037 1089 1239 1170 Sequentia:
1263 1087 1344 1151 Dies
1354 1088 1446 1152 adest
1457 1090 1652 1154 veneranda.
1677 1093 1739 1171 398

486 1207 554 1254 101.
579 1189 617 1252 ln
635 1197 754 1252 octava
770 1186 804 1252 S.
822 1187 940 1260 Laudi,
961 1183 1163 1266 Sequentia:
1201 1183 1305 1248 Grata
1324 1183 1471 1266 psallens
1490 1184 1627 1249 larcdum
1644 1197 1740 1268 prae·

488 1399 554 1446 102.
582 1305 992 1445 ΙηωῖεθῖοὸΜιεὴειεΙιε
1009 1378 1041 1440 in
1064 1385 1178 1440 monte
1208 1375 1376 1458 Gargano,
1402 1375 1606 1460 Sequentia:
1651 1299 1743 1440 cizici

614 1485 762 1558 emmpat
776 1497 814 1539 ex
829 1475 953 1559 affectu.
987 1473 1103 1551 K.169.

490 1591 557 1654 103.
582 1575 761 1640 Dominica
788 1575 872 1638 inira
896 1581 1051 1636 octavam
1078 1569 1307 1653 Reliquiarum
1331 1569 1650 1646 constantiensium,
1681 1569 1741 1635 Se·

615 1669 772 1753 quentia:
805 1668 980 1732 Mirabilis
995 1667 1094 1729 Deus.
1112 1715 1651 1730 ......................................
1683 1681 1742 1745 137

490 1783 557 1845 104.
582 1765 643 1831 SS.
658 1763 823 1846 Dionysii,
842 1762 969 1826 Rustici
998 1770 1031 1824 et
1058 1759 1251 1836 Eleutherii,
1268 1760 1471 1843 Sequentia:
1508 1760 1622 1825 Gaude
1642 1761 1743 1842 prole,

617 1863 763 1927 Graecia.
798 1862 918 1942 K.546.

579 1957 611 2024 S.
630 1958 741 2021 Lucae
757 1955 992 2038 evangelistae,
1008 1952 1215 2036 Sequentia:
1249 1951 1384 2016 Psallat
1402 1952 1517 2017 charus
1536 1953 1628 2018 carde
1648 1974 1742 2016 mecn-

487 2163 554 2231 105.
581 2053 868 2220 lnddielilir7riium
892 2147 1106 2222 Sanctorum,
1137 2143 1343 2226 Sequentia:
1378 2143 1507 2210 Christe
1530 2145 1647 2228 inclyto
1669 2167 1744 2210 can-

488 2345 556 2409 106.
581 2245 939 2426 Sdllilghirii'gpiicopi,
956 2339 1161 2424 Sequentia:
1198 2340 1321 2418 Gaude,
1338 2339 1430 2419 Sion,
1449 2363 1533 2426 quae
1551 2342 1639 2408 diem
1662 2364 1744 2407 reco-

486 2556 555 2620 107.
579 2440 838 2612 Sthatllitririeie,
855 2535 1059 2618 Sequentia:
1103 2535 1172 2599 Vax
1190 2557 1305 2600 seuera
1325 2537 1431 2600 nostri
1446 2537 1542 2603 chori.
1577 2539 1699 2604 K.812.

486 2641 553 2702 108.
579 2637 632 2700 De
649 2635 794 2699 Nomine
812 2635 898 2712 Iesu,
915 2633 1121 2716 Sequentia:
1153 2633 1269 2698 Dulcis
1295 2634 1385 2698 lesus
1408 2637 1615 2702 Nazarenus.
1639 2636 1682 2700 K.
1689 2651 1741 2716 33.

485 2756 553 2818 109.
578 2737 630 2800 De
648 2735 805 2818 Quinque
823 2733 943 2816 Plagis,
961 2733 1165 2814 Sequentia:
1203 2733 1340 2798 Coenam
1356 2755 1427 2798 cum
1443 2735 1619 2818 discipulis.
1644 2734 1743 2814 K.57.

484 2851 550 2898 110.
575 2833 629 2896 De
647 2832 813 2913 Lacryma
829 2829 963 2906 Christi,
981 2828 1186 2912 Sequentia:
1223 2829 1407 2912 Olacryma
1413 2831 1568 2913 gloriosa.
1679 2847 1740 2912 179

659 3195 758 3282 392·
796 3187 854 3260 ΙΝ
888 3187 986 3260 DIE
1019 3187 1243 3262 SANCTO
1275 3189 1546 3264 PASCHAE.

794 3503 805 3548 ¹
1422 3507 1439 3571 3

528 3662 639 3727 Morte
655 3660 778 3726 Christi
795 3660 970 3740 celebrata,
1160 3664 1253 3727 Mors
1271 3663 1363 3727 Illius
1380 3673 1493 3730 nostra
1508 3667 1598 3744 vita:

526 3761 621 3824 adest
639 3759 734 3823 nobis
750 3760 821 3822 dies
837 3768 932 3842 grata
949 3783 955 3822 :
1160 3761 1241 3823 Eius
1259 3770 1365 3824 morte
1382 3783 1470 3826 mors
1487 3764 1576 3827 avita

570 3858 787 3920 comedamus
803 3877 930 3938 azyma.
1202 3859 1267 3920 iam
1287 3869 1430 3923 meretur
1446 3862 1587 3927 veniam.

528 3957 623 4039 Rege
637 3956 725 4018 victo
741 3955 951 4018 tenebrarum
1158 3957 1256 4019 Nunc
1273 3956 1305 4018 in
1325 3957 1389 4021 Illo
1404 3959 1570 4023 delectare

528 4057 610 4118 ritus
627 4053 711 4136 perit
727 4053 947 4129 victimarum,
1155 4055 1212 4137 qui
1228 4063 1279 4117 est
1296 4055 1421 4119 bonum
1438 4059 1605 4141 singulare

572 4161 605 4216 et
621 4160 671 4214 est
688 4150 839 4216 Christus
855 4150 998 4214 victima.
1202 4152 1280 4215 Rex
1296 4165 1446 4236 apponat
1462 4158 1612 4238 gratiam.

789 4343 808 4390 ²
1417 4349 1440 4412 4

525 4500 717 4569 Sacerdotis
734 4521 853 4564 manus
869 4509 991 4564 tractat
1158 4501 1285 4566 Pascha
1302 4513 1452 4568 nostrum
1470 4505 1672 4586 immolatur,

522 4619 622 4684 quem
639 4597 781 4663 crudelis
797 4598 893 4661 lictor
909 4608 1043 4674 mactat,
1154 4609 1187 4662 et
1206 4611 1361 4682 peccator
1377 4603 1537 4668 invitatur

566 4707 599 4760 et
616 4695 710 4778 plebs
727 4695 804 4758 mali
821 4698 963 4762 conscia.
1197 4703 1239 4764 ad
1257 4703 1435 4784 tergendas
1453 4703 1599 4769 maculas
1616 4727 1623 4783 ;

523 4793 626 4858 Morti
644 4793 742 4856 datur
760 4792 875 4856 Homo
894 4794 986 4856 Deus
1156 4797 1267 4860 Morte
1283 4799 1406 4863 Christi
1424 4819 1485 4863 nos
1501 4801 1607 4865 renati

525 4900 562 4953 ut
577 4897 727 4970 resurgat
743 4887 846 4950 homo
863 4911 936 4952 reus
1155 4912 1371 4975 properemus
1387 4895 1518 4960 invitati

569 4986 610 5050 ad
628 4992 762 5048 aeterna
778 4987 909 5066 gaudia.
1198 4991 1238 5051 ad
1254 4989 1413 5055 caelestes
1429 4991 1553 5074 epulas.
