4108 5794
514 520 584 588 244
797 515 938 566 mosne
966 513 1168 564 recessura
1196 511 1489 564 xnueronnnsrs

534 714 562 776 4
588 696 708 778 Pangit
724 694 830 759 clerus
846 694 1031 776 concioque
1047 691 1154 756 fidelis
1171 713 1227 754 ore
1243 691 1340 755 simul
1359 701 1392 755 et
1410 701 1523 755 mente
1538 692 1664 769 debita,

538 809 565 873 5.
589 791 886 858 Circumstantium
903 799 1012 853 castra
1027 788 1122 852 herili
1140 798 1218 852 ante
1235 806 1328 851 sacra
1343 787 1558 870 baptismatis
1578 787 1725 862 flumina,

537 926 566 988 6.
590 922 811 988 Barbarorum
830 922 952 985 virtute
968 931 1027 983 tua
1043 919 1189 984 subdens
1209 920 1400 983 decorando
1416 928 1493 1002 post
1514 921 1627 1002 magni
1647 921 1768 984 Hilarii

645 1018 780 1083 samam.

536 1133 563 1196 7.
588 1113 730 1180 Gressus
742 1113 829 1178 sacili
840 1113 1086 1196 expetiturate
1099 1111 1243 1175 Martine
1256 1120 1370 1194 pastor
1386 1132 1454 1194 quo
1470 1111 1579 1176 sactus
1589 1113 1766 1177 exorcista

536 1247 563 1308 8.
587 1243 721 1308 Virtute
738 1243 821 1307 mira
836 1241 1014 1326 languidos
1031 1250 1067 1304 tu
1084 1239 1236 1318 sanabas,

536 1359 565 1420 9.
590 1340 744 1404 Mortuos
760 1359 842 1402 voce
857 1339 1022 1402 suscitans
1039 1337 1212 1400 evocabas,

521 1490 565 1536 10.
592 1473 672 1535 Post
687 1469 860 1554 apostolos
876 1489 1022 1552 namque
1050 1467 1214 1531 Dominus
1240 1477 1369 1531 tantam
1395 1467 1552 1550 dignatus
1578 1477 1629 1532 est
1658 1467 1769 1550 largiri

648 1587 742 1630 suam
760 1567 912 1649 gratiam,

522 1681 568 1729 11.
593 1663 643 1728 Ut
659 1664 692 1728 in
718 1663 838 1726 virtute
854 1660 1031 1724 Trinitatis
1059 1657 1207 1723 Delficae
1232 1659 1407 1722 suscitares
1433 1670 1640 1725 mortuorum
1666 1662 1767 1724 trium

648 1779 796 1841 corpora.

523 1909 569 1957 12.
593 1891 643 1954 Te
658 1890 790 1964 devota,
802 1887 1014 1951 Turonorum
1032 1895 1068 1949 ut
1086 1883 1180 1949 fieres
1197 1885 1327 1968 praesul
1345 1896 1447 1970 atque
1463 1887 1560 1964 abba,

524 2005 571 2068 13.
596 1987 779 2068 Lectioque
795 1985 908 2048 divina
924 1993 956 2046 et
973 1983 1127 2046 caelestis
1142 1984 1305 2046 evocabat
1321 1984 1439 2064 gratia.

524 2116 627 2197 140
654 2135 755 2198 quarn
781 2111 983 2196 pontificalis
1008 2112 1077 2176 vita
1099 2111 1235 2176 Martini
1267 2111 1328 2176 suit
1353 2113 1508 2195 pretiosa,
1537 2114 1567 2179 Ο
1594 2114 1682 2178 beati
1715 2114 1776 2177 viri

650 2210 891 2294 pretiosissima
907 2227 1008 2290 quam
1025 2208 1167 2271 contulit
1183 2207 1284 2272 caelis
1300 2219 1402 2292 atque
1418 2209 1513 2272 terris
1531 2210 1624 2273 Deus
1640 2210 1774 2273 sollem-

651 2328 715 2372 nra.

524 2422 570 2488 15.
596 2405 678 2468 Fide
695 2400 818 2468 Christi
836 2400 985 2482 fragrans
1002 2399 1106 2462 nimia
1118 2419 1217 2462 orans
1233 2399 1379 2483 implesti
1396 2421 1456 2484 pro
1468 2401 1579 2484 gregis
1589 2403 1705 2480 vita,et
1715 2423 1776 2485 pro

651 2499 757 2650 pppis,
766 2497 921 2580 petimus,
935 2495 1046 2558 Deum
1060 2496 1212 2578 supplica
1228 2505 1264 2559 ut
1283 2497 1408 2560 meritis
1424 2498 1490 2560 tuis
1500 2507 1614 2580 pateat
1624 2499 1776 2563 caelestis

526 2719 572 2781 16.
596 2714 627 2780 O
645 2713 745 2777 nimis
761 2711 952 2776 veneranda
968 2711 1040 2775 dies
1056 2721 1090 2774 et
1107 2709 1260 2775 fidelibus
1278 2711 1342 2776 Dei
1359 2714 1440 2777 satis
1452 2713 1631 2796 praeclara,

525 2828 571 2893 17.
596 2811 673 2895 Qua
699 2809 770 2872 eius
792 2807 948 2890 migravit
972 2809 1084 2870 anima
1110 2808 1163 2870 cui
1188 2819 1378 2872 sanctorum
1407 2810 1567 2874 virtutum
1598 2823 1776 2876 occurrunt

650 2907 795 2989 agmina.

525 3045 572 3108 18.
595 3040 670 3105 Tua
687 3059 756 3116 nos,
773 3036 916 3114 Christe,
930 3036 1039 3120 gratia
1055 3056 1115 3119 per
1130 3037 1201 3100 eius
1218 3037 1336 3101 merita
1351 3039 1457 3104 salva.

525 3157 571 3219 19.
595 3137 695 3201 Nunc
711 3144 744 3198 et
761 3154 820 3217 per
835 3133 950 3197 omnia
966 3131 1075 3196 saecla
1091 3134 1135 3196 ab
1150 3133 1242 3196 omni
1261 3133 1349 3197 malo
1366 3134 1476 3199 libera.

557 3346 768 3398 Manuserlts.
792 3341 909 3395 Pnnrs:
930 3340 1003 3395 Bibl.
1026 3340 1102 3408 Nat,
1124 3340 1184 3410 887,
1199 3339 1336 3411 Tropaire
1353 3341 1390 3397 de
1404 3341 1624 3414 Saint-Manial,
1638 3343 1770 3401 xi‘siecle

521 3425 571 3486 A,·
604 3420 841 3489 1084‚ldem,B,·
870 3420 1112 3489 1118,ldem,D,·
1145 3421 1378 3490 1138‚1dem,K.

560 3591 569 3629 1
592 3573 693 3628 merita
702 3573 735 3640 (i)
749 3572 788 3626 K.
817 3573 871 3626 Les
893 3572 995 3626 debuts
1017 3571 1121 3627 faisant
1142 3573 1248 3643 parlois
1270 3576 1418 3646 exception
1438 3593 1492 3631 aux
1518 3577 1609 3648 regles
1630 3578 1666 3634 de
1683 3580 1780 3635 l’asso·

520 3671 621 3722 nance,
634 3670 706 3707 nous
719 3653 834 3706 n'osons
847 3668 899 3721 pas
912 3651 1029 3706 retablir
1040 3655 1151 3707 merita.

557 3750 572 3788 2
592 3735 621 3788 in
631 3733 696 3788 aula
709 3731 836 3786 carmina
848 3732 889 3786 K.
920 3731 948 3785 in
962 3733 1028 3786 aula
1041 3732 1095 3787 hac
1108 3735 1245 3803 carmina,
1260 3735 1325 3802 (hac
1338 3735 1441 3804 barre),
1453 3737 1490 3792 D.

557 3831 573 3884 3
592 3825 659 3868 tunc
672 3827 796 3882 manque
809 3811 880 3865 dans
891 3812 930 3865 K.
952 3813 1014 3866 Mot
1027 3813 1045 3866 a
1057 3822 1117 3867 mot
1126 3814 1301 3884 impossible.

557 3912 574 3962 4
592 3894 696 3948 chorus
706 3893 880 3946 Kanclonen.
910 3901 1006 3946 mente
1016 3891 1120 3947 devota
1133 3893 1171 3949 K.

559 3991 572 4044 5
592 3973 674 4028 herili
687 3988 811 4042 manque
822 3971 894 4024 dans
903 3971 940 4024 D.
951 3972 989 4026 K.

556 4053 710 4107 bvirtutes
723 4061 787 4106 tuas
800 4052 838 4106 A.
869 4050 987 4105 virtutes
1000 4061 1063 4105 tuas
1077 4051 1102 4120 (s
1113 4051 1225 4121 ajoutee
1237 4071 1292 4110 aux
1305 4055 1378 4110 deux
1392 4055 1477 4126 mors)
1494 4059 1525 4113 B.
1555 4059 1676 4115 subdere
1687 4059 1778 4118 D.K.

520 4133 754 4190 subderesA.B.
782 4131 925 4185 decorabo
935 4132 972 4186 A.
982 4131 1018 4185 B.
1049 4131 1202 4188 declarabo
1216 4135 1253 4190 D.
1262 4136 1300 4190 K.
1334 4136 1426 4190 Hilari
1441 4137 1478 4194 D.
1503 4138 1580 4193 sama
1592 4141 1630 4194 A.
1642 4141 1676 4194 B.
1688 4141 1725 4196 D.
1738 4143 1778 4200 K.

522 4217 567 4269 En
580 4214 642 4268 lace
651 4212 687 4266 de
700 4228 748 4266 ces
759 4211 910 4277 variantes,
924 4219 1018 4265 toutes
1029 4212 1092 4277 plus
1106 4214 1241 4268 obscures
1255 4215 1296 4269 les
1310 4232 1380 4270 unes
1393 4233 1449 4288 que
1462 4218 1502 4272 les
1513 4229 1616 4288 autres,
1630 4237 1701 4276 nous
1711 4239 1778 4277 con-

521 4310 638 4349 servons
651 4293 677 4346 le
690 4302 765 4346 texte
777 4291 814 4345 de
826 4291 1001 4345 Xanctomn.

557 4375 700 4440 7Gressu
713 4369 888 4424 xanctonen.
917 4369 992 4424 facili
1007 4371 1147 4441 expetitus
1159 4375 1197 4429 A.
1224 4373 1300 4430 sacili
1311 4375 1453 4432 extollitur
1462 4379 1499 4434 D.
1531 4380 1579 4452 qui
1592 4377 1683 4436 iactus
1696 4383 1733 4437 D.

557 4457 573 4508 8
592 4453 733 4506 Virtutum
748 4451 785 4506 A.
816 4450 927 4504 Virtute
936 4461 986 4504 tua
998 4451 1035 4505 D.

542 4549 574 4588 ιο
593 4531 695 4602 largire
705 4533 742 4584 A.
751 4531 786 4584 B.
818 4530 955 4598 conferre,
964 4531 1071 4600 (largiri
1084 4529 1194 4601 efface),
1207 4532 1245 4588 D.

542 4629 570 4668 ιι
593 4613 644 4668 Uti
658 4611 761 4665 virtute
773 4609 813 4664 K.
845 4611 928 4664 trium
939 4627 1089 4680 corporum
1100 4613 1136 4666 A.

542 4709 572 4748 12
592 4693 696 4746 devota
705 4689 787 4760 plebs
797 4691 971 4744 Kanctonen.
1000 4693 1090 4745 abbas
1103 4691 1277 4746 Kanctonen.

541 4789 572 4842 13
593 4771 728 4826 Lectione
750 4769 924 4823 xanctonen.
965 4771 1080 4825 caelesti
1100 4772 1275 4825 Kanctonen.
1319 4775 1460 4830 evocabas
1480 4778 1519 4834 A.
1534 4779 1569 4835 B.
1580 4779 1617 4834 D.
1630 4781 1671 4837 K.
1695 4777 1779 4852 (pour

521 4855 660 4910 evocabat
674 4871 681 4916 ;
710 4855 889 4904 convocabat
904 4850 1077 4907 Kanclonen.

542 4949 573 5001 ¹4
591 4932 643 4987 fuit
655 4931 780 5000 gloriosa
792 4931 831 4985 K.
862 4929 1059 5000 pretiosissimi
1068 4932 1105 4986 D.
1137 4949 1193 5002 qua
1202 4933 1323 4989 contulit
1333 4935 1372 4990 A.
1398 4937 1530 4993 caelestis
1543 4941 1683 4996 terrestris
1697 4940 1779 4998 1111.

521 5015 559 5070 K.
583 5009 856 5067 DeiclementiaB.
869 5010 903 5065 D.
915 5009 955 5068 K.
982 5010 1036 5066 Dei
1047 5012 1196 5067 sollemnia
1209 5014 1248 5068 A.
