4116 5784
494 517 566 608 384
767 537 909 590 mosne
939 537 1143 590 accnnsrnu
1171 537 1492 593 sruvnnscrnnsrs

581 819 713 883 Horum
730 731 832 884 cord3a
848 820 956 885 solida

580 915 689 980 reddit
706 913 789 980 fides
805 917 917 981 vivida

579 1011 719 1076 caritate
736 1011 864 1076 fervida

666 1128 763 1171 verus
780 1128 875 1172 amor
890 1129 898 1187 ;

581 1201 713 1266 Horum
730 1203 847 1285 vigent
863 1203 970 1267 seduli

578 1298 613 1364 in
630 1299 772 1364 salutern
791 1300 905 1383 populi

580 1393 703 1478 lingua,
720 1415 848 1472 manus,
866 1395 963 1472 oculi,

665 1491 775 1555 cordis
791 1491 927 1556 clamor.

1215 823 1260 886 Hi
1279 842 1396 887 norma
1412 735 1566 902 idstitiae,

1212 916 1319 982 forma
1334 919 1569 1000 poenitentiae,

1210 1013 1302 1095 pacis
1319 1021 1352 1078 et
1368 1015 1566 1080 concordiae

1299 1110 1553 1175 condimentum
1570 1135 1577 1192 ;

1211 1203 1328 1268 Flores
1344 1203 1566 1288 eloquentiae,

1212 1297 1356 1363 fructum
1374 1301 1559 1382 sapientiae

1212 1395 1331 1460 dantes
1348 1395 1381 1458 in
1400 1395 1571 1462 Ecclesiae

1298 1491 1550 1559 nutrimentum.

906 1690 937 1757 Ο
954 1690 1053 1755 beata
1069 1689 1188 1756 concio

904 1805 1005 1870 quam
1023 1787 1095 1850 sine
1111 1786 1247 1850 fastidio

904 1882 1010 1965 pascit
1028 1883 1092 1946 Dei
1109 1881 1193 1946 visio

990 1977 1195 2060 sempiterna
1210 1997 1219 2054 ;

904 2073 977 2137 Nos
993 2093 1129 2156 precum
1146 2071 1305 2156 suffragio

902 2179 1013 2232 vestra
1029 2169 1200 2232 miseratio

902 2264 1015 2328 trahat
1030 2265 1074 2328 ab
1089 2263 1210 2328 exsilio

989 2360 1032 2423 ad
1050 2379 1203 2441 superna.

524 2507 718 2558 Manuscrlt.
742 2503 856 2558 Pnnrs:
876 2501 949 2557 Bibl.
970 2501 998 2556 S.
1010 2501 1180 2571 Genevieve,
1199 2499 1305 2558 l⁰BBL
1323 2516 1362 2572 11,
1390 2502 1490 2558 Missel
1515 2503 1551 2558 de
1577 2501 1678 2572 Senlis,
1703 2511 1751 2557 rrve

488 2583 581 2652 siecle,
601 2585 629 2638 V.
705 2597 707 2602 ·

524 2683 575 2734 zd
606 2678 733 2734 caritatis
753 2680 782 2732 V.
817 2684 838 2732 h
866 2678 1041 2758 sanitatisV.

787 2909 868 2995 269.
902 2903 977 2977 DE
1007 2901 1232 2976 SANCTO
1265 2899 1439 2976 IVSTO.

529 3155 640 3218 Adest
655 3153 726 3217 dics
741 3074 888 3234 glolriosa

531 3270 607 3333 qua,
622 3250 665 3313 de
680 3247 766 3313 valle
783 3246 980 3328 lacrymosa,

576 3343 772 3410 transfertur
789 3343 831 3407 ad
848 3341 972 3426 gaudia

535 3443 646 3504 Iustus
662 3459 754 3522 puer,
770 3439 826 3521 qui
844 3437 1015 3513 novennis,
1041 3461 1044 3464 ·

532 3535 732 3600 columbinis
748 3534 864 3598 volans
881 3533 1009 3616 pennis,

575 3623 727 3714 penetrat
743 3629 907 3693 caelestia.

794 3743 812 3788 2

531 3825 629 3889 Patre
647 3824 759 3887 Iustus
776 3842 819 3885 ex
839 3821 968 3884 Iustino

531 3928 630 3982 natus
646 3940 690 3983 ex
707 3929 780 3983 ortu
797 3917 934 4000 gemino

576 4013 667 4091 felix,
683 4025 717 4078 et
734 4013 867 4090 Felicia,

535 4111 731 4176 Sanctitatis
747 4109 872 4192 profert
888 4125 997 4184 omen,

534 4209 615 4272 dum
632 4206 768 4270 sortitur
785 4204 868 4268 lusti
886 4221 1029 4283 nomen,

579 4323 613 4366 re
629 4302 735 4365 iustus
751 4321 794 4364 ex
811 4299 927 4382 gratia.

534 4495 680 4577 Magnus
697 4493 790 4557 Deus
807 4501 840 4555 et
856 4489 1009 4555 sublimis

533 4601 690 4674 operatur
706 4599 740 4654 et
756 4589 788 4652 in
806 4587 881 4651 imis

577 4687 737 4750 virtutum
756 4682 957 4768 magnalia:

537 4783 715 4848 Fortitudo
730 4801 796 4865 qua
812 4777 944 4845 tenellis

536 4881 569 4942 in
586 4879 699 4942 leones
716 4887 749 4942 et
766 4873 905 4959 agnellis

580 4983 768 5057 praestatur
782 4973 931 5036 victoria.

1162 3147 1255 3212 Nihil
1273 3169 1406 3232 prorsus
1423 3072 1589 3228 i4mbecille¹

1162 3245 1252 3327 quod
1269 3255 1437 3310 sustentat
1454 3247 1578 3310 Potens
1596 3243 1656 3306 Ille

1206 3360 1273 3423 quo
1289 3341 1475 3406 subsistunt
1491 3341 1605 3406 omnia
1624 3362 1632 3419 ;

1162 3435 1232 3500 Dat
1249 3435 1367 3501 infanti
1385 3437 1485 3502 robur
1500 3437 1570 3516 viri,

1164 3531 1275 3596 minus
1291 3533 1399 3598 doctis
1415 3533 1560 3617 experiri

1205 3647 1292 3710 quae
1309 3648 1386 3692 vera
1402 3629 1551 3693 scientia.

1160 3819 1264 3886 Cuius
1280 3839 1345 3904 ope
1363 3819 1476 3886 Iustus
1493 3819 1588 3884 fortis

1160 3934 1227 3979 non
1244 3915 1402 3980 abhorret
1418 3917 1526 3982 minas
1545 3915 1678 3993 mortis,-

1206 4030 1272 4074 non
1290 4021 1390 4094 pavet
1406 4011 1570 4094 supplicia
1588 4033 1597 4092 ;

1163 4106 1343 4188 Prophetia
1360 4116 1553 4172 muneratur

1161 4203 1241 4266 dum
1259 4212 1310 4266 tot
1325 4203 1424 4268 donis
1440 4203 1632 4270 subarratur

1207 4308 1240 4362 et
1256 4297 1415 4362 virtutum
1431 4299 1538 4382 copia.
1630 4341 1634 4350 ·

1164 4489 1343 4554 Ambianis
1360 4491 1392 4553 in
1411 4511 1561 4574 regressu

1165 4606 1232 4650 non
1248 4585 1396 4652 declinat
1413 4607 1432 4650 a
1448 4607 1637 4670 congressu,

1209 4683 1277 4761 sed,
1293 4681 1370 4746 forti
1386 4685 1585 4760 constantia,

1168 4778 1278 4862 Caput
1293 4776 1391 4843 offert
1408 4779 1594 4856 insectanti,
1637 4805 1638 4810 ¹

1168 4895 1228 4938 nec
1245 4885 1296 4938 est
1312 4874 1375 4940 sibi
1391 4874 1460 4940 vita
1475 4873 1562 4940 tanti

1211 4979 1247 5035 ut
1262 4979 1401 5053 quaerat
1416 4969 1564 5054 diffugia.
