4094 5796
552 567 693 617 PROSAE
722 568 923 619 ECCLESIAE
953 569 1294 619 llAGDEllVRGENSlS
1501 571 1546 637 29

329 729 380 777 ad
403 723 488 778 hodie
501 724 595 794 angeli
608 725 766 779 Olomucen.
804 743 824 792 g
845 727 892 796 pia
904 727 1135 797 Magdeburgen,
1152 741 1227 794 1497.

328 819 342 855 2
357 808 379 856 h
399 820 532 857 succurre
543 803 607 858 tiliis
626 805 840 859 Wralr'slavr'en.

327 897 343 949 3
356 901 375 937 a
409 885 527 936 Incursu
540 884 743 938 fantasmatum
757 895 798 938 tot
809 885 876 938 dum
886 886 1014 938 turbatur
1023 886 1246 954 Mueckburgen.
1268 884 1462 954 nuemburgen.
1487 884 1550 937 Olo-

293 979 396 1016 mucen.
408 963 558 1017 Palavr'en.
579 963 794 1017 Wratr'slavr'en.
810 964 933 1032 Rythme
948 964 1059 1017 detruit.
1086 969 1107 1017 h
1132 975 1160 1017 et
1175 963 1280 1017 Christi
1293 964 1444 1016 Putarrien.

329 1057 377 1108 40
409 1043 550 1096 illuminat
577 1048 598 1097 d
624 1043 916 1113 donatNumburgen.
933 1044 1091 1096 Olomucen.
1112 1043 1328 1096 Wratisluvr'en.
1351 1043 1551 1112 paransPala-

296 1123 369 1174 azert.
395 1127 415 1176 h
440 1139 559 1192 seseque
573 1123 768 1190 Nurrrbrrzgen.
783 1123 942 1176 Olomucen.
968 1127 991 1176 k
1014 1133 1041 1176 et
1054 1123 1130 1193 loqui
1144 1124 1293 1175 Patavren.

329 1215 377 1270 5a
410 1201 516 1254 semina
554 1219 570 1255 e
599 1201 716 1271 perenni
736 1202 932 1272 Numburgen.
944 1203 1101 1256 olomucen.
1115 1203 1265 1254 Palavicn.
1299 1207 1312 1254 f
1335 1201 1392 1254 Ubi
1408 1201 1552 1252 Numbur·

292 1297 355 1350 gem
373 1281 532 1335 Olomucen.
547 1282 697 1334 Putavicn.
713 1281 926 1334 Wratislavr'err.
954 1286 976 1334 k
1003 1283 1046 1335 vel
1060 1281 1158 1334 odium
1174 1282 1325 1335 Patavr'en.
1338 1281 1551 1332 Wrutr'slavr'en.

331 1361 348 1413 6
361 1377 378 1413 c
408 1360 530 1429 gloriam
543 1362 605 1415 Deo
618 1361 838 1431 lllugdeburgen.
855 1361 1047 1430 Numbrtrgen.
1061 1362 1219 1415 Olomucen.
1233 1361 1383 1412 Paluvr'cn.
1406 1361 1461 1412 Ces
1479 1369 1553 1412 mots

292 1440 408 1494 doivent
430 1441 488 1494 etro
511 1440 678 1494 intervertis.

330 1520 370 1572 6l
402 1519 524 1589 patriam
539 1521 692 1574 Palavr'en.
705 1530 732 1574 et
745 1521 820 1573 deest
830 1521 862 1572 r'n
875 1520 1069 1589 Numburgen.

330 1600 347 1652 6
361 1603 384 1652 k
413 1609 441 1653 et
451 1599 522 1653 caeli
534 1600 655 1668 patriam
670 1599 893 1670 Mugdebuzqen,
911 1600 1002 1667 gloria
1016 1599 1167 1652 Palavr'en.

334 1679 413 1732 Nous
426 1696 551 1732 summes
563 1690 623 1733 tout
636 1681 652 1732 a
665 1680 715 1732 fait
730 1680 765 1732 de
783 1678 860 1732 l’avis
877 1679 913 1731 de
938 1679 1039 1731 Daniel
1054 1678 1100 1747 qui
1123 1679 1236 1732 cle'clare
1262 1679 1305 1746 (11,
1326 1679 1384 1747 189)
1406 1695 1460 1746 que
1480 1685 1555 1728 cette

300 1759 387 1812 Prose
399 1768 442 1812 est
455 1776 510 1812 une
524 1760 669 1812 mauvaise
683 1759 823 1812 imitation
839 1757 877 1810 du
891 1759 1002 1825 rythme
1020 1757 1043 1810 si
1063 1775 1172 1810 connu:
1192 1759 1289 1811 illinit
1300 1759 1340 1812 ud
1356 1759 1506 1827 Vr'qur'nerrr.
1531 1755 1554 1807 ll

301 1839 362 1892 n'en
376 1855 393 1891 a
406 1837 500 1907 public
514 1855 568 1908 que
580 1839 619 1892 les
633 1839 770 1908 premiers
784 1854 855 1890 vers.

554 2010 607 2079 18.
632 2007 706 2078 DE
746 2005 970 2078 SANCTO
1013 2005 1301 2079 DIONYSIO.

599 2202 609 2245 l

389 2309 497 2387 Salve,
515 2321 610 2394 pater
620 2311 775 2393 Dionysi,

387 2406 446 2468 lux
463 2417 498 2470 et
514 2408 615 2471 decor
632 2408 790 2484 Paradisi,

428 2503 499 2566 laus
516 2512 550 2566 et
566 2504 668 2566 decus
686 2503 824 2568 Galliae.

386 2601 509 2663 Praeco
526 2600 623 2675 vitae,
639 2600 721 2663 tuba
738 2601 831 2676 caeli,

386 2698 443 2760 fax
460 2697 593 2771 amorio,
610 2695 730 2759 fornax
748 2695 817 2772 zeli,

429 2793 502 2856 fons
519 2800 552 2854 et
569 2791 692 2854 flumen
710 2794 847 2874 gratiae.

598 2947 614 2991 2

387 3065 473 3130 Cleri
491 3066 587 3128 iubar
603 3075 636 3126 et
652 3083 804 3140 acumen,

386 3159 455 3237 flos,
471 3160 644 3242 speculum
661 3170 694 3223 et
711 3179 869 3223 cacumen

429 3258 622 3338 sapientum
641 3255 812 3327 Graeciae,

392 3354 506 3416 Mente
520 3353 636 3435 legens
652 3355 886 3429 caelinumen,

387 3461 422 3511 ut
439 3449 552 3529 aquila
569 3447 648 3509 solis
665 3447 789 3518 lumen,

431 3565 496 3606 non
515 3564 631 3606 aversa
647 3543 740 3606 facie.

601 3700 616 3760 3

389 3818 450 3895 Tu,
460 3820 700 3880 transcendens
714 3820 884 3880 hominem

388 3913 540 3976 claritate
557 3914 703 3995 spiritus,

390 4007 549 4070 Elucidas
566 4009 719 4070 ordinem

387 4103 541 4166 caelestis
554 4105 733 4166 exercitus

604 4256 625 4314 4

389 4375 441 4438 Tu
460 4375 638 4457 Seraphim
657 4376 806 4437 caritatis

390 4472 480 4533 sitim
497 4480 531 4533 et
548 4472 751 4546 incendium,

1013 2183 1065 2244 Tu
1084 2181 1266 2245 Cherubim
1283 2183 1444 2249 claritatis

1018 2279 1201 2359 investigas
1218 2280 1358 2344 radium.

1230 2421 1243 2486 5

1016 2528 1068 2590 Tu
1086 2528 1300 2592 Thronorum
1318 2529 1520 2608 firmitatem,

1016 2635 1051 2686 tu
1069 2624 1279 2705 distinguens
1296 2626 1496 2707 dignitatem

1061 2720 1268 2800 assignatam
1286 2723 1435 2798 caeteris,

1018 2817 1108 2893 Vim,
1125 2826 1288 2894 naturam,
1306 2821 1495 2901 puritatem,

1017 2933 1111 2994 opuS,
1129 2925 1267 2990 motum,
1285 2926 1499 2997 potestatem,

1061 3009 1267 3072 excellenter
1283 3011 1427 3076 disseris

1230 3143 1250 3201 6

1152 3269 1244 3350 Ergo
1261 3290 1336 3331 rosa

1149 3363 1305 3444 gloriosa,

1043 3462 1129 3522 binis
1146 3481 1221 3523 cum
1239 3460 1421 3538 sodalibus

1152 3557 1215 3618 Fer
1228 3557 1352 3619 devota

1148 3654 1252 3716 nostri
1270 3663 1349 3716 vota

1040 3748 1187 3810 clemens
1205 3749 1236 3810 in
1254 3747 1463 3813 caelestibus.

1237 3893 1255 3955 7

1014 3995 1071 4058 ‘Ut
1086 3996 1141 4076 qui
1159 3997 1207 4058 tui
1225 3997 1416 4079 passionem

1020 4111 1220 4154 veneramur
1235 4103 1268 4155 et
1285 4113 1430 4174 agonem

1065 4189 1235 4249 vernantis
1251 4189 1422 4266 victoriae,

1023 4281 1299 4363 Contemplemur
1313 4295 1389 4366 post
1402 4284 1551 4348 laborem

1020 4377 1163 4440 fructum
1185 4382 1318 4455 ventris,
1335 4379 1418 4443 caeli
1436 4381 1564 4460 florem,

1067 4473 1239 4537 Christum
1258 4475 1387 4557 Regem
1405 4476 1540 4558 gloriae.

343 4641 548 4693 Manuscrlts.
570 4639 685 4692 Panis:
713 4638 785 4693 Bibl.
803 4641 879 4706 Nat,
898 4655 971 4704 1107.
1001 4639 1099 4693 llissel
1114 4641 1149 4694 de
1163 4641 1291 4710 l’abbaye
1306 4642 1341 4695 de
1356 4641 1562 4711 Saint-Denys,

308 4714 364 4766 xiv*
380 4717 471 4770 siecle.

342 4809 386 4860 30
418 4797 572 4849 Elucirlans
597 4797 816 4868 llagrdeburgera
856 4805 940 4864 ted
967 4810 1121 4866 nranquent
1142 4801 1213 4852 daus
1231 4799 1371 4852 lehlisscl
1393 4801 1428 4854 cle
1447 4801 1564 4869 hlagde-

308 4872 403 4948 bourg.
