4096 5794
466 493 490 566 5
496 493 545 564 30
809 489 950 542 PltOSAE
977 491 1164 540 ABBATIAE
1191 491 1394 542 BECCENSIS

563 719 646 808 381.
678 713 753 787 DE
784 711 1007 786 SANCTA
1039 712 1222 785 MARlA
1254 707 1628 788 MAGDALENA.
1694 711 1696 716 ’

495 913 519 978 1'.
544 913 698 978 Gaudeat
716 911 862 976 fidelium
880 912 997 974 concio
1013 910 1225 988 laetabunda,

492 1029 520 1076 2.
544 1011 730 1074 Personans
746 1007 843 1072 dulce
859 1007 996 1071 laudum
1014 1008 1118 1072 melos
1133 1028 1215 1071 voce
1231 1009 1382 1071 iocunda

492 1157 518 1221 3.
543 1141 679 1203 Adsunt
697 1157 841 1219 namque
855 1137 950 1200 nobis
961 1137 1135 1200 sollemnia
1154 1137 1292 1200 celebris
1306 1139 1508 1202 reverentiae
1519 1139 1610 1203 cultu
1623 1139 1727 1222 digna

489 1255 517 1315 4.
544 1236 596 1298 De
611 1235 753 1298 transitu
770 1253 864 1296 sacro
881 1233 922 1295 ad
940 1253 1060 1314 supera
1084 1231 1187 1295 felicis
1213 1233 1340 1296 Mariae
1368 1233 1591 1316 Magdalenae
1616 1255 1725 1317 regna.

491 1383 516 1448 5.
542 1367 638 1451 Quae
665 1368 784 1430 beatae
811 1366 881 1448 spei
910 1377 1000 1428 certa
1018 1367 1227 1447 iocundaque
1249 1365 1344 1428 nobis
1362 1365 1498 1448 praebet
1514 1366 1726 1443 documenta,

487 1468 515 1532 6.
541 1469 743 1532 Deserentes
760 1474 796 1528 ut
812 1465 952 1528 crimina
970 1467 1012 1527 de
1028 1465 1124 1527 venia
1141 1465 1349 1528 confidamus
1365 1467 1559 1532 obtinenda.

486 1617 514 1681 7.
541 1601 636 1663 Haec
647 1599 736 1662 enim
752 1597 950 1660 multimoda
963 1597 1161 1660 delictorum
1175 1597 1486 1681 maculaquondam
1498 1600 1596 1662 nimis
1607 1601 1725 1676 obsita,

486 1698 513 1760 8.
539 1695 682 1759 Divinae
698 1693 863 1776 largitatis
880 1693 997 1775 gratia,
1015 1692 1059 1769 fit,
1076 1693 1222 1756 remissis
1239 1694 1376 1757 tandem
1395 1695 1510 1778 culpis,
1533 1695 1646 1758 nitida

485 1844 514 1905 9.
539 1827 629 1889 Fons
655 1825 808 1890 caelestis
834 1825 1079 1888 misericordiae
1111 1823 1169 1889 Sui
1187 1825 1268 1888 roris
1291 1825 1378 1888 hanc
1401 1825 1548 1908 perfudit
1574 1826 1724 1891 Christus

595 1942 635 1985 co
662 1941 692 1985 ra

470 2036 516 2083 10.
542 2017 592 2084 Ut
607 1942 702 2083 Silae,
712 2017 808 2084 nobis
833 2015 1060 2098 indulgentiae
1085 2026 1211 2098 quanta
1235 2018 1277 2080 sit
1305 2018 1382 2080 hinc
1407 2018 1653 2083 demonstraret
1676 2019 1722 2082 al·

596 2111 740 2175 fluentia.

469 2262 515 2308 11:
540 2245 694 2326 Agamus
711 2264 790 2326 ergo
808 2243 860 2305 Illi
878 2242 1002 2324 gratias
1019 2263 1079 2324 pro
1095 2250 1190 2305 tanta
1214 2242 1297 2304 Eius
1312 2243 1400 2306 circa
1417 2263 1477 2306 nos
1493 2243 1679 2322 clementia,

467 2361 513 2409 12.
537 2345 630 2409 Mala
646 2365 732 2428 quae
748 2344 912 2427 gessimus
929 2342 1108 2424 praeterita
1123 2342 1293 2424 condigna
1313 2344 1480 2408 diluentes
1507 2345 1722 2427 poenitentia.

466 2498 512 2560 13.
537 2477 704 2542 Mentium
722 2483 907 2538 nostrarum
927 2474 1044 2539 intima
1061 2474 1154 2537 fonte
1171 2474 1234 2538 hoc
1259 2475 1429 2557 tingamus
1458 2476 1592 2558 pietatis
1619 2475 1722 2552 arida,

466 2593 512 2654 14
538 2573 638 2637 Roris
655 2581 691 2635 ut
710 2571 819 2653 Ipsius
833 2571 942 2652 gratia
957 2569 1129 2651 proferant
1146 2571 1280 2653 irrigata
1297 2573 1457 2636 virtutum
1474 2574 1634 2654 germina.

467 2718 513 2784 15.
537 2703 569 2768 O
588 2703 705 2778 Maria,
722 2700 785 2764 Dei
802 2720 935 2783 sponsa,
953 2699 1017 2762 Dei
1034 2700 1151 2777 amica,
1169 2701 1294 2764 meritis
1311 2703 1452 2784 egregia,

467 2805 512 2867 16.
537 2803 592 2866 Ad
612 2821 749 2864 munera
767 2801 849 2863 Eius
866 2800 1087 2882 promerenda
1105 2820 1165 2863 nos
1182 2801 1237 2883 pia
1253 2802 1330 2865 iuva
1346 2822 1405 2885 per
1423 2800 1590 2886 suffragia.

468 2947 513 3010 17.
538 2932 670 3008 Nostris
685 2929 863 2994 animabus
880 2928 1048 3011 languidis
1064 2929 1201 2992 caelitus
1218 2929 1332 2994 vitalia

465 3031 511 3091 18.
535 3026 659 3091 Confer
675 3026 869 3102 medicinae,
885 3044 1098 3107 quaesumus,
1114 3024 1248 3088 divinae
1264 3027 1420 3100 remedia,

463 3180 510 3241 19.
536 3161 584 3226 Ut
600 3161 643 3224 ab
659 3161 750 3223 omni
768 3159 895 3241 culpae,
908 3168 941 3222 te
958 3159 1168 3240 impetrante,
1185 3160 1337 3224 mundati
1356 3159 1494 3237 macula,

460 3275 509 3322 20.
533 3258 610 3320 Tibi
627 3277 739 3319 coram
759 3257 833 3319 Deo
849 3256 1094 3337 coniungamur
1111 3257 1142 3319 in
1160 3257 1295 3320 caelesti
1312 3257 1412 3321 curia.

461 3403 511 3452 21.
530 3387 646 3450 'Amen
660 3387 754 3449 ‘dicat
772 3385 879 3448 fidelis
895 3386 1015 3448 chorus
1031 3394 1065 3448 et
1082 3385 1237 3452 Alleluia.

497 3545 706 3595 Manuscrlts.
730 3541 845 3595 Prnrs:
866 3539 938 3594 Bibl.
954 3541 1030 3609 Nat,
1047 3541 1261 3610 1058,Tropaire
1275 3541 1310 3595 de
1323 3525 1544 3611 Saint-llvroult
1566 3541 1614 3595 niie
1622 3539 1723 3611 siecle,

462 3622 507 3686 [ἢ
541 3632 615 3690 1105,
631 3619 730 3674 Missel
744 3619 780 3674 de
793 3620 921 3688 l'abbaye
934 3619 971 3673 du
986 3621 1053 3690 Bec,
1063 3619 1224 3689 xiii‘siecle,
1241 3623 1271 3676 T.

495 3750 510 3803 7
530 3735 615 3790 minis
628 3736 661 3790 R.

493 3821 509 3874 8
529 3818 666 3889 largitatis
679 3818 791 3874 cantica
809 3818 839 3874 Τ.

727 4043 805 4133 382.
842 4040 917 4112 DE
949 4039 1175 4114 SANCTO
1205 4041 1241 4113 N
1252 4041 1447 4116 ICASIO.

483 4258 507 4304 1.
531 4240 610 4304 Ecce
619 4239 756 4322 pulchra

478 4388 507 4436 2.
533 4371 696 4437 Cancrum
713 4368 850 4432 resultet
866 4390 936 4431 vace
948 4392 960 4432 .·
975 4370 1131 4434 Alleluia.

477 4486 506 4550 3.
528 4468 696 4532 Intimans
712 4465 853 4549 requiam
868 4475 1059 4530 sanctorum
1077 4467 1237 4550 inclytam.

472 4618 502 4680 4.
525 4600 621 4664 Felix
633 4610 702 4664 stat
717 4599 859 4664 nimium
874 4598 1062 4681 angelorum
1080 4602 1223 4666 rutilans
1238 4613 1381 4682 caterva,

473 4710 500 4776 5.
523 4701 539 4728 “
558 4696 685 4774 Sancte,
704 4696 831 4772 Sancte,
851 4695 970 4758 Sancte
987 4697 1088 4773 DeuS,
1101 4698 1116 4724 ''
1133 4697 1231 4762 laude
1240 4701 1425 4780 proclamat
1439 4711 1582 4766 aeterna.
1612 4739 1614 4744 .

471 4829 500 4890 6.
525 4827 671 4892 Sedibus
688 4836 738 4891 ter
754 4825 925 4910 quaternis
953 4828 1183 4908 apostolorum
1200 4829 1428 4894 sedet'concio
1436 4831 1585 4914 snlga'da,
1608 4831 1717 4896 tribus

581 4932 614 4986 at
626 4925 760 5006 linguas
790 4922 984 4986 iudicatura.
