4116 5784
613 517 756 570 PROSAE
788 519 991 570 ECCLESIAE
1020 517 1256 569 MORINENSIS
1494 518 1566 592 335

379 725 462 794 „a
493 717 567 796 uu
597 714 715 790 uuo
743 715 1076 791 nauatam
1108 665 1491 790 courussouu.

615 906 629 954 1
1243 905 1262 970 3

353 1015 443 1079 Laus
460 1015 613 1093 iocunda,
629 1014 701 1078 laus
717 1013 886 1092 sollennlS,
984 1013 1068 1096 Legi
1085 1033 1205 1096 parens
1222 1012 1275 1075 hic
1294 1011 1437 1092 divinae,

351 1113 423 1176 laus
439 1112 617 1194 praeclara,
633 1111 703 1174 laus
720 1111 884 1192 perennia,
978 1109 1119 1193 regulari
1135 1109 1332 1191 disciplinae

394 1208 493 1272 detur
508 1208 594 1290 Regi
610 1207 745 1290 gloriae,
1026 1227 1061 1270 se
1077 1225 1221 1288 suosque
1237 1205 1386 1270 subdidit
1400 1229 1408 1285 ;

351 1303 386 1368 A
401 1324 469 1387 quo
484 1313 618 1368 sanctus
634 1304 687 1366 hic
705 1303 811 1366 fidelis
984 1302 1046 1365 Per
1061 1301 1124 1366 hoc
1140 1301 1218 1364 salis
1234 1303 1498 1379 condimentum,

349 1399 571 1464 laetabundus
586 1410 637 1464 est
653 1401 685 1462 in
702 1399 802 1462 caelis
982 1418 1062 1462 suae
1078 1398 1200 1460 domus
1217 1397 1472 1464 fundamentum

396 1495 594 1562 sublimatus
609 1495 717 1560 hodie.
1026 1513 1126 1576 supra
1142 1505 1272 1576 petram
1289 1496 1453 1560 condidit

616 1635 634 1681 2
1244 1637 1266 1698 4

356 1741 396 1805 In
413 1742 532 1806 timore
549 1741 614 1806 Dei
631 1739 730 1819 fixus,
985 1741 1124 1818 Morbos
1140 1761 1258 1803 curans
1275 1750 1308 1805 et
1325 1740 1511 1824 languores,

356 1857 453 1921 super
469 1838 585 1921 Ipsum
602 1847 653 1902 est
669 1839 805 1900 innixus
984 1836 1183 1900 sublimatus
1200 1837 1242 1900 ad
1260 1836 1402 1901 honores

398 1954 511 1999 amore
527 1933 720 1998 caelestium
733 1955 742 2014 ;
1026 1933 1147 2015 migrat
1163 1933 1206 1996 ad
1223 1932 1379 1997 caelestia
1394 1955 1401 2014 ;

356 2029 498 2114 Gregem
516 2051 612 2095 suum
629 2030 715 2094 bene
730 2030 826 2106 rexit,
983 2027 1050 2111 Qui
1066 2049 1127 2111 pro
1143 2028 1239 2092 nobis
1255 2028 1460 2112 deprecetur,

355 2147 496 2212 proquo
513 2128 605 2191 Deus
621 2127 709 2190 hunc
725 2125 879 2208 provexit
983 2134 1019 2188 ut
1035 2145 1093 2207 per
1109 2125 1217 2207 ipsum
1235 2125 1332 2189 nobis
1348 2127 1446 2192 detur

399 2225 441 2288 ad
458 2223 540 2294 caeli
557 2221 728 2306 palatium.
1027 2229 1241 2304 peccatorum
1259 2224 1364 2288 venia.

598 2529 628 2539 ¹·
663 2521 857 2640 naun
888 2523 1231 2601 mutuumve.
1320 2562 1322 2568 .

622 2699 634 2746 ¹
807 2747 836 2774 ,-
1175 2768 1179 2776 ,
1251 2702 1269 2767 3

361 2803 534 2866 Hodierna
549 2801 610 2866 lux
626 2803 785 2866 sollennis
870 2819 872 2824 ’
987 2805 1072 2884 Ave,
1089 2807 1192 2891 virgo,
1208 2809 1301 2872 cuius
1318 2807 1439 2872 festum
1481 2839 1483 2846 ,

359 2919 420 2962 nos
435 2898 477 2962 ad
494 2897 620 2982 gloriae
635 2899 790 2980 perennis
987 2913 1237 2967 sacrosanctum
1254 2914 1287 2968 et
1308 2904 1486 2968 honestum

402 2995 520 3059 invitat
536 2995 696 3078 convivia,
773 3067 775 3073 s
1023 2999 1146 3066 ,recolit
1163 2999 1314 3063 Ecclesia
1329 3021 1337 3078 ;

360 3092 399 3156 In
416 3111 482 3174 qua
497 3090 618 3154 chorus
633 3091 804 3173 virginalis
989 3091 1117 3159 Gerens
1134 3115 1191 3158 vas
1208 3095 1432 3161 illuminatum
1516 3151 1518 3156 .

358 3189 400 3253 ad
417 3185 627 3271 psallendum
644 3187 796 3269 specialis
987 3190 1166 3273 oleumque
1183 3201 1419 3274 praeparatum

401 3283 547 3349 celebrat
562 3282 746 3350 sollemnia.
1032 3287 1167 3370 Sponso
1182 3291 1310 3371 gaudes
1326 3289 1435 3357 obvia.

620 3417 639 3462 2
1248 3424 1272 3486 4

359 3525 566 3591 Gaudiorum
582 3524 690 3606 Virgo
708 3525 826 3604 Mater,
988 3528 1199 3610 Imprudenti
1212 3549 1279 3592 non
1297 3529 1452 3608 intrante,
1522 3579 1525 3586 .

358 3623 452 3688 cuius
468 3621 555 3686 filius
571 3631 621 3686 est
638 3632 732 3706 pater
987 3625 1290 3704 introisti‚:currens
1306 3635 1398 3704 ante,

401 3720 502 3785 habet
518 3718 712 3802 privilegia3
1032 3711 1160 3804 patrem
1178 3743 1320 3806 sequens
1337 3723 1425 3803 filia;

361 3816 524 3901 Quaeque
539 3817 634 3898 virgo
650 3816 848 3882 collaetatur
993 3818 1049 3884 Sic
1066 3819 1214 3902 ingressa
1230 3820 1312 3885 caeli
1328 3820 1467 3884 chorum

358 3925 392 3979 et
408 3915 440 3978 in
458 3913 591 3979 Christo
606 3913 768 3994 gloriatur
817 3907 821 3914 ’
987 3935 1078 3979 rosas
1094 3915 1197 3981 habes
1214 3917 1302 3981 circa
1318 3927 1439 3995 torum,

402 4020 474 4076 tota
488 4009 571 4075 caeli
586 4010 684 4073 curia.
1029 4011 1135 4076 violas
1151 4021 1184 4076 et
1201 4012 1278 4077 lilia.

687 4249 797 4332 Virgo
813 4250 968 4332 prudens,
983 4245 1079 4334 virgo
1096 4251 1239 4329 munda·
1360 4327 1363 4332 ¹

688 4353 880 4428 peccatores
897 4366 958 4410 nos
975 4347 1122 4432 emunda

702 4437 706 4446 '
731 4441 775 4505 ab
790 4443 882 4506 omni
898 4443 1058 4525 spurcitia
1072 4465 1079 4522 ;

555 4591 556 4597 ,
687 4535 895 4600 Emundatos
910 4559 967 4601 nos
981 4540 1167 4627 commenda

625 4690 630 4696 .
689 4631 823 4716 Sponso
839 4633 974 4698 Christo
990 4633 1038 4697 ad
1048 4635 1195 4699 habenda

696 4728 926 4812 ,sempiterna
935 4729 1074 4813 gaudia.
1143 4789 1146 4796 .

353 4933 405 4996 4d
436 4925 507 4985 caeli
518 4913 640 4998 quorum
655 4922 798 4982 Mon'nen.
843 4918 844 4922 ’
1323 4951 1325 4958 ⁴

356 5022 370 5080 5
385 5013 457 5065 der
488 5009 544 5066 Ces
557 5023 623 5064 vers
636 5014 701 5062 sont
713 5005 876 5078 empruntes
890 5006 907 5061 ir
919 5005 947 5062 la
960 5005 1048 5063 Prose
1061 5025 1068 5065 ε
1087 5007 1204 5091 Verium
1216 5008 1318 5068 bonum
1326 5018 1457 5072 elstram,
1479 5009 1577 5092 123⁶&
