4096 5794
580 506 722 557 PROSAE
761 506 965 558 ECCLESIAE
990 504 1317 557 CONSTANTIENSIS
1513 506 1531 578 5
1538 507 1582 579 53

633 698 648 765 5
1115 729 1117 736 ·
1259 688 1281 750 6

371 821 477 886 Vetus
493 819 596 885 homo
611 819 785 895 cruciatur,
1001 819 1056 883 Ex
1074 820 1235 903 Aegypto
1252 821 1451 886 transtulisti

371 939 475 983 novus
492 938 571 983 vero
587 927 767 981 renovatur
1000 918 1082 982 istos
1098 929 1201 1001 atque
1217 920 1383 1002 perfecisti

411 1023 581 1080 crescente
597 1014 762 1098 supplicio
780 1035 787 1092 ;
1042 1015 1199 1099 palmites
1215 1019 1247 1080 in
1265 1017 1374 1100 patria
1388 1039 1395 1093 ;

368 1114 456 1178 Nam
473 1113 602 1195 requies
619 1112 721 1194 lapsis
738 1112 846 1189 datur,
997 1112 1053 1177 Sic
1070 1114 1101 1176 in
1121 1112 1264 1192 Christo,
1280 1135 1359 1177 vera
1375 1115 1451 1190 vite,

367 1220 475 1274 morte
490 1211 559 1274 vita
574 1219 797 1293 comparatur,
995 1210 1137 1293 plantati
1154 1211 1307 1277 caelestis
1325 1211 1414 1275 vitae

410 1306 507 1371 dolor
521 1307 610 1370 cedit
626 1306 761 1388 gaudio.
1038 1327 1284 1390 consequamur
1299 1307 1433 1389 gaudia.

362 1493 372 1532 1
389 1496 409 1534 a
441 1478 544 1534 Christi
559 1479 707 1534 Camaten.
739 1479 805 1533 Tibi
819 1478 922 1551 psallat
937 1476 1127 1532 Comlantien.

360 1573 405 1613 20
436 1559 487 1614 sed
500 1559 626 1614 moribus
640 1559 789 1614 Camoteia

359 1644 411 1708 31)
437 1639 503 1694 hinc
518 1640 666 1695 Carnoten.
682 1639 957 1708 t'onstantien.1499.

302 1809 304 1812 -
358 1770 439 1824 Cette
453 1771 541 1825 Prose
553 1786 584 1824 se
597 1769 629 1823 lit
641 1785 677 1823 en
691 1778 772 1824 outre
785 1769 857 1823 dans
871 1769 901 1834 ,le
916 1767 1016 1823 Missel
1028 1768 1065 1823 de
1079 1767 1169 1835 Paris,
1183 1768 1258 1837 1615,
1272 1767 1344 1822 dans
1358 1767 1430 1822 celui
1443 1768 1479 1822 de
1491 1767 1581 1823 Beau.

322 1849 390 1920 vais,
404 1851 479 1920 1625,
491 1860 520 1906 et
532 1849 605 1904 dans
615 1850 642 1904 le
657 1850 762 1920 Propre
776 1849 812 1904 de
827 1848 1050 1917 Saint-Gervais,
1063 1849 1080 1903 a
1091 1848 1180 1918 Paris,
1195 1849 1269 1914 1671.

510 2125 593 2200 395.
621 2105 701 2177 DE
732 2103 771 2177 S.
796 2102 1065 2177 IOHANNE
1099 2099 1385 2202 BAPTISTA.

632 2329 643 2374 1
1256 2325 1278 2388 4

494 2430 728 2496 Laetabundus
1042 2427 1166 2494 Cedrus
1180 2430 1250 2493 alta
1266 2427 1389 2492 Libani

366 2528 507 2594 Iohanni
524 2532 680 2594 decantet
696 2528 810 2594 clariis
823 2551 835 2592 .·
1037 2537 1153 2593 ventre
1169 2528 1281 2610 prodit
1297 2526 1418 2610 hysopi
1483 2573 1496 2604 ,-

493 2626 649 2691 Alleluia.
1123 2627 1208 2692 valle
1229 2635 1366 2700 nostra;

393 2772 396 2782 .
497 2725 748 2790 Praecursorem
1039 2723 1095 2788 An
1112 2725 1155 2788 sit
1174 2724 1327 2791 Christus
1343 2723 1533 2806 quaeritur3

364 2821 484 2885 sterilis
501 2822 648 2906 proludit
664 2823 777 2887 tlzarus
790 2845 802 2887 .·
1036 2833 1159 2906 negat:
1175 2823 1222 2886 sic
1238 2823 1428 2904 assequitur

316 2912 320 2921 ’
493 2940 545 2984 res
560 2919 724 2986 miranda.
1123 2939 1237 3002 regum
1255 2929 1351 2984 serta.

624 3051 642 3097 2
1257 3045 1272 3113 5

404 3132 552 3216 Angelus
566 3134 731 3218 apparuit,
1034 3132 1146 3198 Isaias
1160 3132 1281 3210 cecinit,
1346 3143 1348 3148 ’
1376 3142 1378 3148 ’
1404 3145 1406 3150 “

403 3227 581 3294 Zacharias
597 3231 736 3313 stupuit,
1033 3230 1115 3295 Vox
1131 3229 1308 3293 clamantis
1326 3226 1485 3307 meminit,

448 3335 560 3390 mutus
576 3326 691 3410 lingua
706 3351 714 3408 ;
1036 3346 1095 3390 nec
1115 3327 1240 3389 Iudaea
1254 3325 1382 3388 desinit.

408 3422 574 3487 lohannes
590 3423 787 3507 concipitur,
1122 3444 1188 3486 esse
1209 3445 1299 3487 caeca
1310 3448 1324 3498 ,-

405 3528 500 3583 muto
516 3519 653 3584 verbum
671 3520 829 3598 redditur,
1037 3518 1104 3583 Hic
1117 3539 1163 3582 ex
1179 3519 1251 3583 sais
1269 3518 1410 3596 vatibus,

491 3626 566 3683 orta
580 3619 685 3683 stella.
1029 3617 1165 3689 ¹Mariae
1180 3618 1390 3696 sermonibus
1498 3693 1500 3696 ¹

622 3766 639 3830 3
1034 3713 1129 3777 novis
1146 3716 1269 3796 gaudet
1286 3713 1458 3795 plausibus

403 3861 500 3925 Sicut
520 3861 617 3926 stella
634 3861 769 3926 radium
1121 3821 1245 3874 ventus
1262 3811 1367 3875 ΗΜ

402 3957 513 4022 emisit
529 3956 700 4040 eloquium
1250 3933 1271 3993 5

492 4072 560 4117 vox
577 4072 753 4135 praecona,
1081 4051 1206 4114 Iudaea
1214 4061 1363 4132 propera,

404 4149 510 4215 Stella
526 4148 629 4213 claret
643 4148 766 4214 clarius
1076 4147 1166 4211 crede
1186 4145 1240 4211 val
1258 4157 1374 4224 vetera,

402 4245 482 4308 dum
500 4245 589 4308 cedit
606 4245 639 4308 in
657 4245 776 4309 melius
944 4265 1005 4308 cur
1022 4243 1242 4320 damnaberis,
1259 4264 1342 4326 gens
1361 4243 1514 4307 misera?

491 4362 559 4406 vox
575 4361 746 4422 praesaga.
1076 4339 1199 4403 Vatem
1216 4340 1383 4403 considera

1075 4457 1168 4518 quem
1184 4437 1272 4499 ducat
1291 4435 1420 4500 Littera

938 4532 1058 4614 ‚Ipsum
1074 4535 1202 4614 peperit
1218 4551 1414 4613 senexpera.

333 4695 544 4825 imglllllrscm'
567 4693 758 4750 CHnRTRsss:
778 4693 850 4749 Bibl.
862 4694 898 4749 de
911 4695 938 4749 la
951 4695 1033 4765 Ville,
1047 4697 1108 4764 406,
1119 4693 1218 4750 Missel
1239 4696 1274 4750 de
1298 4696 1440 4765 Chartres,
1455 4696 1512 4750 xiv²
1521 4696 1572 4753 su-

316 4787 368 4838 ce,
465 4813 471 4825 .

355 4911 398 4951 re
429 4895 531 4954 sterilis
544 4900 648 4970 profert
661 4901 760 4955 florem
775 4900 1004 4972 Carnoten.r535,
1022 4921 1085 4958 vers
1110 4903 1183 4959 saux.
1215 4901 1319 4958 sterilis
1338 4902 1410 4958 flore
1432 4903 1571 4974 pudorem

318 4977 343 5034 C
341 4980 546 5050 arnoten.1482,
559 4981 748 5036 Constantien.
