4102 5792
593 513 733 564 l’llOSAE
760 514 963 566 ECCLESIAE
991 517 1296 567 ENGOLISMENSIS

1504 521 1579 591 407

358 696 438 749 Cette
453 695 541 747 Prose
554 709 571 746 a
584 691 628 746 ete
641 689 753 760 publiee
767 707 818 760 par
840 694 1018 760 Artemon,
1038 693 1084 746 Vie
1095 693 1128 746 de
1142 695 1228 747 Saint
1240 695 1379 765 Monard,
1397 698 1472 767 1863,
1486 717 1512 769 p.
1520 714 1580 767 302,

322 773 430 844 d'apres
445 772 475 826 S.
489 781 517 826 et
531 788 568 824 un
582 770 597 797 ‘¹
609 769 708 824 Missel
724 769 868 824 Limousin
882 772 895 798 '¹
909 772 945 826 de
959 785 1032 840 1505.

358 935 372 973 2
389 925 409 974 b
440 918 586 988 praedicat
601 917 732 972 Ecclesia
745 918 937 988 Engolismen.

359 1009 372 1066 5
386 1015 403 1052 o
433 999 495 1052 solo
508 1007 585 1052 tactu
598 997 793 1068 Engolismen.
826 1003 840 1051 t
866 999 937 1053 sonti
950 999 1143 1069 Engolismen.

358 1093 406 1144 γε
437 1095 493 1132 una
506 1094 571 1147 spes
584 1077 778 1148 Engolismen.
810 1082 830 1130 d
861 1079 966 1146 sprevit
980 1079 1173 1148 Engolismen.

358 1159 406 1225 83
437 1175 523 1228 quum
538 1158 841 1211 vocumARBELLur.
874 1163 895 1210 h
928 1159 968 1212 Ce
980 1175 1044 1212 vers
1057 1175 1180 1227 manque
1193 1159 1264 1214 dans
1278 1161 1308 1214 S.

357 1251 373 1304 9
390 1243 409 1291 h
441 1239 521 1292 Deus
534 1238 666 1290 omnibus
680 1236 775 1290 omnia
790 1238 815 1290 S.
853 1238 957 1291 Omnia
970 1255 1092 1308 manque
1105 1239 1177 1292 dans
1192 1241 1385 1309 Engolirmen.

618 1518 699 1606 285.
732 1515 806 1586 oe
838 1515 953 1586 vna
986 1516 1272 1589 unumne,

628 1759 638 1804 1

1253 1763 1275 1820 4

367 1880 520 1960 Regnum
539 1879 652 1941 mundi
670 1899 736 1940 non
755 1899 933 1960 supernum
993 1879 1168 1962 Quaedam
1188 1889 1323 1943 currunt
1340 1881 1382 1943 ad
1399 1889 1577 1956 certamen,

366 1975 400 2028 ut
417 1976 591 2046 regnarent
608 1965 641 2027 in
659 1975 831 2027 aeternum

408 2054 609 2134 reliquerunt
626 2054 780 2133 virgines

368 2141 415 2204 Ut
432 2143 604 2220 quiescant
621 2153 697 2220 post
714 2139 843 2202 labores

365 2237 523 2308 spernunt
539 2227 655 2308 plagas
672 2235 705 2289 et
721 2236 863 2289 tortores

407 2325 439 2376 et
456 2313 631 2375 effundunt
649 2315 836 2395 sanguines,

624 2469 641 2512 2

364 2596 419 2657 Ad
435 2604 601 2656 tormenta
618 2603 695 2654 sunt
713 2592 850 2668 veloces,

364 2703 422 2744 nec
439 2683 617 2743 abhorrent
634 2688 703 2742 tam
722 2679 846 2742 seroces

406 2789 531 2850 poenas
547 2777 581 2829 et
597 2766 760 2848 supplicia
775 2788 782 2842 ;

365 2856 449 2918 Mori
467 2856 582 2917 volunt
598 2855 644 2916 sic
662 2873 721 2934 pro
740 2855 821 2928 Dee,

364 2953 399 3005 ut
416 2945 565 3004 revivant
582 2961 692 3003 coram
714 2941 764 3002 Eo

407 3051 464 3112 per
480 3049 578 3110 quem
597 3029 712 3090 vivunt
728 3029 848 3090 omnia.

625 3181 641 3242 3

363 3303 587 3366 Trucidantur
602 3323 622 3365 a
638 3303 788 3383 tyrannis
804 3324 811 3380 ;

363 3411 436 3453 cum
454 3389 516 3452 sub
532 3391 645 3472 paucis
663 3399 773 3452 essent
789 3391 893 3466 annis,

406 3477 492 3541 flecti
509 3487 621 3539 tamen
640 3487 809 3557 nequeunt
825 3501 832 3556 ;

365 3566 480 3628 Fortes
496 3573 591 3627 erant
608 3573 685 3626 ante
703 3583 805 3644 reges,

365 3651 589 3735 praedicando
605 3650 729 3716 Christi
746 3650 835 3731 leges

408 3749 527 3821 sponte
543 3758 669 3820 poenas
686 3738 836 3801 subeunt.

953 3855 971 3920 7

994 1966 1181 2028 deferentes
1197 1969 1238 2028 ad
1257 1987 1401 2029 examen

1036 2073 1144 2116 rosam
1161 2065 1263 2135 atque
1279 2054 1384 2116 lilium
1399 2075 1406 2132 ;

994 2140 1169 2221 Quaedam
1187 2161 1264 2202 vero
1281 2143 1352 2203 sine
1370 2162 1453 2216 rosa,

993 2229 1069 2289 alba
1085 2238 1216 2290 tantum
1233 2229 1290 2289 sed
1309 2227 1454 2290 formosa

1036 2315 1126 2376 venit
1143 2316 1184 2376 ad
1202 2315 1402 2377 convivium.

1256 2467 1270 2530 5

993 2592 1102 2654 Albae
1118 2593 1283 2673 quaedam
1301 2613 1366 2654 non
1385 2591 1578 2666 rubescunt,

991 2699 1098 2761 neque
1114 2689 1226 2742 tamen
1245 2681 1444 2742 erubescunt

1034 2786 1146 2829 coram
1165 2767 1228 2829 Dei
1246 2767 1274 2829 F
1276 2767 1353 2844 ilio;

991 2853 1117 2917 Omnes
1135 2852 1291 2934 pulchrae
1308 2853 1356 2916 vel
1375 2853 1524 2927 decorae,

992 2941 1049 3002 sed
1068 2939 1184 3001 maiori
1201 2940 1261 3002 flos
1278 2961 1354 3002 cum
1372 2940 1451 3003 flore

1034 3029 1159 3107 gaudet
1175 3027 1358 3108 privilegio,

1252 3165 1273 3225 6

991 3302 1119 3366 Omnes
1135 3302 1271 3384 quidem
1289 3313 1366 3366 sunt
1383 3303 1564 3384 prudentes

991 3401 1024 3452 et
1040 3409 1126 3471 quae
1143 3389 1262 3453 rubent
1277 3400 1311 3453 et
1327 3390 1477 3454 albentes
1492 3411 1498 3466 ;

1034 3477 1124 3539 nulla
1140 3485 1230 3539 caret
1245 3477 1321 3540 oleo
1335 3499 1342 3550 ;

994 3564 1155 3646 Quaeque
1173 3563 1254 3626 lelix
1272 3575 1306 3628 et
1321 3565 1421 3630 beata

992 3662 1085 3714 veste
1101 3651 1192 3713 venit
1208 3652 1370 3716 deaurata

1035 3758 1110 3800 cum
1129 3738 1258 3802 ardenti
1277 3760 1381 3804 cereo.

693 3962 784 4043 Ergo
801 3961 971 4026 Christum
989 3983 1168 4025 exoremus

694 4067 730 4120 ut
745 4076 821 4118 cum
839 4056 902 4118 illis
919 4077 1161 4138 conregnemus

692 4161 726 4215 et
742 4153 928 4232 gaudentes
945 4153 1154 4216 exsultemus

737 4267 866 4310 sursum
885 4247 917 4310 in
935 4250 1092 4330 empireo,

358 4443 372 4496 3
387 4435 400 4482 t
431 4433 530 4501 plenas
545 4433 578 4500 (l)
592 4432 787 4502 Engulismen.
