4096 5794
653 498 794 549 PROSAE
821 498 1023 550 ECCLESIAE
1051 500 1302 552 LEXOVIENSIS
1526 502 1597 574 539

643 680 663 740 8
1144 684 1209 747 Dei
1226 684 1335 748 Natus

515 798 607 881 Ergo
621 799 701 862 totis
1144 799 1279 862 gregem
1298 780 1404 845 Suum

514 893 580 956 iam
597 913 685 958 nunc
702 895 797 972 votis,
1145 878 1245 950 atque
1262 877 1356 931 tuum

515 997 630 1053 sancte
647 990 720 1067 Dei,
1143 965 1212 1028 vita
1227 965 1331 1028 donet

515 1097 576 1140 nos
591 1085 625 1140 te
641 1077 688 1141 rei
1146 1069 1179 1124 et
1195 1069 1332 1126 coronet

515 1173 726 1256 postulamus
1058 1157 1091 1220 in
1108 1165 1244 1223 aeterna
1261 1157 1376 1238 patria.

517 1280 551 1334 et
566 1290 701 1334 oramus
1235 1315 1236 1318 =
1277 1277 1299 1340 9

429 1376 466 1430 ut
481 1375 539 1429 tua
556 1385 653 1448 prece
669 1367 724 1449 pia
1061 1363 1219 1427 Trinitati
1236 1363 1343 1446 gloria

516 1459 756 1544 Complacatus
1062 1458 1114 1525 Sit
1131 1469 1268 1522 nuncet
1285 1479 1344 1541 per
1359 1458 1487 1524 omnia.

378 1628 427 1682 3a
459 1613 546 1668 Cuius
560 1610 710 1668 Lexovr‘en.
738 1629 756 1666 c
785 1613 885 1670 lavans
899 1611 1049 1668 lexovien.

380 1707 394 1763 5
407 1699 481 1748 cde
508 1694 554 1747 Au
567 1693 623 1747 lieu
636 1692 673 1747 de
685 1709 733 1748 ces
746 1692 816 1748 trois
829 1711 893 1748 vers
907 1710 944 1747 on
957 1693 988 1747 lit
1002 1692 1074 1747 dans
1088 1692 1264 1746 Bitunia..-

645 1799 774 1856 Israeiita
787 1799 815 1856 in
829 1817 886 1872 quo
899 1800 981 1855 dolus
993 1816 1050 1854 non
1061 1808 1104 1853 est
1117 1815 1170 1852 nec
1183 1795 1300 1852 malitia.

380 1908 421 1962 La
433 1904 580 1962 deuxttne
592 1907 684 1976 partie
694 1907 730 1962 de
739 1919 812 1966 cette
822 1909 939 1982 strophe
952 1907 1066 1964 devient
1079 1908 1152 1963 dans
1165 1909 1191 1964 le
1204 1909 1297 1963 meme
1313 1907 1431 1962 Missel:

855 2029 929 2084 Vere
947 2027 1012 2082 felix

853 2119 881 2166 et
900 2109 992 2164 fidelis

852 2189 899 2260 qui
919 2189 1021 2243 meruit

853 2277 881 2323 et
899 2269 997 2322 habuit
1104 2299 1110 2314 ·

783 2347 887 2404 Christi
906 2347 1076 2402 testimonia.

381 2455 432 2510 612
463 2470 531 2510 suae
543 2453 621 2510 urhis
633 2453 785 2510 Lexovien.
817 2472 838 2524 g
867 2456 912 2508 Au
925 2454 981 2510 lieu
994 2454 1030 2509 dc
1044 2470 1158 2522 revers,
1169 2471 1205 2508 on
1216 2452 1248 2508 lit
1261 2455 1332 2509 daus
1344 2453 1496 2508 Lexovr'en.
1509 2472 1520 2508 .·

840 2559 974 2614 virtutum
993 2558 1077 2628 copia

767 2638 990 2711 meritorumque
1008 2637 1107 2709 gloria.

383 2744 422 2800 Ce
432 2755 500 2800 sont
509 2745 691 2815 simplement
703 2746 746 2800 les
759 2761 822 2800 vers
844 2751 893 2800 cd
914 2745 950 2800 de
963 2745 991 2800 la
1003 2744 1120 2814 strophe
1134 2758 1149 2809 7
1163 2743 1210 2814 qui
1229 2753 1279 2799 ont
1299 2744 1344 2798 ete
1366 2745 1541 2816 transportes
1559 2745 1604 2815 ici,

347 2833 374 2879 et
387 2824 434 2895 qui
449 2823 604 2879 detruisent
617 2824 643 2878 le
656 2824 775 2894 rythme.
1490 2896 1491 2900 ἵ

382 2918 397 2972 7
419 2905 473 2958 Les
485 2904 559 2958 deux
568 2903 704 2975 premiere
718 2920 781 2958 vers
791 2905 827 2958 de
838 2913 912 2959 cette
923 2903 1038 2974 strophe
1046 2913 1202 2974 manquent
1211 2903 1283 2957 dans
1292 2903 1442 2958 Lexovr'en.
1462 2921 1479 2958 c
1492 2903 1605 2973 magnis

347 2983 717 3055 manquedansLexovt'en.
749 2983 970 3054 meritorumque
984 2984 1134 3038 lexovien.
1166 2988 1208 3037 ef
1240 2983 1294 3037 Ces
1307 2983 1380 3038 deux
1393 3001 1456 3039 vers
1477 2991 1508 3040 se'
1520 2983 1604 3039 lisent

346 3063 419 3119 ainsi
434 3063 506 3118 dans
521 3064 676 3118 Bituricen.
688 3082 699 3118 .·

770 3133 934 3190 Christiana
952 3152 1046 3190 messe
1065 3136 1156 3190 laetus

769 3214 826 3270 huc
845 3213 946 3269 direxit
965 3231 1029 3269 eum
1050 3217 1158 3270 Petrus.

381 3320 422 3374 La
434 3320 511 3375 faute
524 3318 560 3374 de
571 3318 640 3376 n‘me
649 3295 725 3374 ¹nnus
739 3318 788 3374 tau
801 3319 921 3390 adoptet
934 3321 960 3374 le
982 3329 1057 3375 texte
1079 3321 1115 3375 de
1134 3321 1285 3375 Lexovien.
1317 3325 1339 3374 h
1371 3329 1399 3375 et
1411 3319 1502 3392 gratia
1520 3318 1602 3372 Bitu-

347 3415 429 3455 men.

478 3627 560 3718 386.
593 3625 668 3700 DE
698 3623 768 3699 SS.
801 3625 1077 3704 RAVENNO
1108 3630 1181 3703 ET
1212 3628 1470 3704 RASIPHO.

657 3885 668 3930 1
1023 3872 1179 3935 Bravium
1197 3883 1274 3936 sunt
1291 3873 1461 3936 consecuti

1020 3975 1053 4028 et
1070 3977 1225 4031 aeternae
1241 3969 1392 4033 retributi

392 4011 469 4074 Lux
486 4011 640 4089 iocunda,
656 4011 716 4075 lux
733 4011 873 4096 insignis
1065 4082 1209 4126 coronae
1233 4065 1401 4148 stipendio

391 4107 424 4170 in
441 4127 507 4189 qua
524 4107 639 4172 laudes
656 4108 755 4173 laude
771 4110 882 4193 dignis

434 4203 597 4266 resultant
614 4203 826 4287 martyribus
1284 4200 1300 4263 3

393 4299 482 4362 Laus
500 4299 664 4364 Ravesssso
682 4300 908 4384 Rasiphoque,
1024 4284 1177 4349 Fratrum
1194 4287 1295 4350 dUXit
1310 4287 1502 4350 sanctitudo

392 4395 459 4458 imo
476 4395 648 4460 Christum
666 4395 698 4457 in
716 4407 858 4480 utroque
1067 4383 1170 4446 Vitam
1188 4383 1379 4461 solitariam,

435 4491 610 4555 laudemus
627 4511 688 4574 pro
703 4492 837 4558 viribus,
1023 4477 1276 4561 contemplandi
1294 4477 1442 4542 solitudo

1067 4573 1234 4637 ministrat
1252 4575 1426 4637 materiam
1443 4595 1451 4652 ;

1025 4669 1127 4733 Potus
1144 4690 1240 4753 aqua,
1256 4671 1352 4752 panis
1369 4669 1486 4747 victus,

394 4756 486 4820 Intra
504 4755 665 4818 mundum
684 4776 820 4839 prorsus
837 4760 954 4823 mundi
1069 4766 1178 4828 carnis
1195 4767 1226 4828 in
1245 4765 1391 4844 interitu,

390 4861 665 4933 contempserunt
682 4855 784 4916 vitam
803 4857 919 4919 mundi
1023 4859 1166 4924 hiscum
1183 4880 1282 4924 carne
1299 4860 1334 4925 fit
1351 4859 1525 4926 conflictus

433 4955 604 5011 currentes
620 4947 654 5010 in
670 4949 802 5030 stadio;
1066 4956 1294 5039 triumphante
1310 4957 1437 5039 spiritu.

656 4637 673 4681 2
