4102 5792
472 548 547 616 414
730 544 870 596 PROSAE
899 543 1102 596 ECCLESIAE
1129 541 1490 594 AVTlSSlODORENSIS

1109 739 1126 802 3

847 862 953 945 Signo
969 865 1075 927 crucis
1092 882 1205 926 sacrae
1222 882 1341 924 manus

846 959 996 1022 Muscius
1013 958 1153 1038 resurgit
1169 978 1270 1020 sanus

847 1064 881 1118 et
898 1054 1078 1138 respondet
1095 1053 1275 1118 Cassianus

890 1151 922 1212 in
939 1148 1116 1232 sepulchro
1133 1157 1282 1212 mortuus
1297 1171 1304 1226 ;

848 1243 975 1308 Laesae
992 1243 1177 1308 maiestatis
1193 1245 1238 1307 rei

846 1341 946 1404 corde
963 1340 1189 1423 supplicemus
1205 1341 1234 1401 ei

844 1446 879 1499 ut
897 1437 939 1498 sit
956 1437 988 1498 in
1007 1443 1188 1517 conspectu
1205 1435 1269 1498 Dei

888 1539 979 1594 tutor
996 1540 1108 1593 noster
1124 1539 1286 1596 strenuus.

508 1725 699 1776 Manuscrlt.
723 1719 835 1771 Panis:
860 1714 929 1768 Bibl.
946 1715 1022 1780 Nat,
1043 1713 1136 1780 17316,
1160 1711 1259 1766 Missel
1281 1711 1442 1782 d'Auxerre,
1461 1713 1681 1784 rim-stiecle,
1701 1717 1733 1775 Υ.

510 1863 560 1928 31)
594 1857 686 1912 Mutio
707 1857 736 1909 Υ.

525 2141 605 2208 290.
646 2115 702 2188 IN
740 2113 1104 2187 INVENTIONE
1135 2112 1340 2186 SANCTl
1373 2113 1678 2190 STEPHANI.

781 2371 793 2416 1
1405 2369 1427 2430 4

561 2474 654 2545 Sacri
670 2473 770 2556 gleba
783 2475 929 2556 corporis
1194 2473 1232 2536 ln
1249 2473 1384 2536 caelesti
1400 2473 1511 2556 specie

558 2572 662 2652 longo
678 2570 771 2652 lapsu
789 2571 949 2652 temporis
1189 2589 1336 2633 rosarum
1354 2568 1463 2651 effigie

559 2669 654 2732 viluit
670 2667 851 2743 incondita,
1190 2665 1325 2730 revelari
1342 2667 1463 2743 decuit,

559 2767 718 2830 Ferarum
735 2774 769 2827 et
785 2766 896 2828 avium
1189 2763 1255 2846 Qui
1272 2764 1367 2846 quasi
1384 2763 1445 2827 llos
1463 2785 1575 2828 roseus

557 2872 730 2944 terraeque
745 2860 915 2942 reptilium
1187 2859 1330 2942 flagrans
1347 2869 1380 2923 et
1396 2880 1581 2944 purpureus

558 2959 724 3023 morsibus
740 2957 906 3040 exposita.
1189 2957 1349 3038 martyrio
1365 2955 1483 3020 floruit.

776 3097 794 3142 2
1408 3091 1423 3158 5

559 3201 630 3267 Nec
648 3203 728 3278 avis,
744 3221 805 3264 nec
820 3199 936 3276 bestia,
1189 3198 1387 3262 Translatus
1404 3199 1594 3264 Bizantium

556 3321 616 3365 nec
632 3309 739 3364 terrae
756 3298 886 3380 reptilia
1186 3295 1295 3358 mulae
1313 3315 1372 3378 per
1387 3295 1555 3378 eloquium

555 3403 771 3480 praesumunt
788 3393 983 3474 contingere
1185 3393 1268 3455 miro
1286 3391 1387 3456 modo
1402 3394 1570 3475 panditur,

555 3495 665 3576 Quem
683 3491 805 3556 occidit
823 3490 925 3572 impia
1187 3487 1346 3553 Exsultat
1363 3489 1496 3552 uberius

523 3613 531 3658 ῑ
554 3591 664 3674 gentis
680 3587 891 3652 contumacia
1186 3585 1305 3661 Roma,
1321 3586 1402 3648 dum
1421 3587 1623 3654 Laurentius

555 3687 726 3751 obstinato
741 3683 872 3746 scelere.
1186 3672 1283 3756 cedit,
1299 3701 1373 3744 curn
1392 3683 1590 3746 reconditur.

773 3826 790 3888 3
1403 3809 1424 3870 6

555 3935 621 4000 Sed
639 3934 672 3995 in
690 3930 960 4013 caphargamala
1185 3929 1365 3992 Revelatus
1382 3929 1523 3992 saeculis

554 4033 606 4094 cui
623 4047 706 4112 gens
722 4025 883 4108 acephala
1185 4035 1316 4089 cavera
1332 4025 1488 4106 periculis

554 4127 734 4208 denegavit
750 4121 917 4188 tumulum
1185 4121 1351 4184 tenebrosi
1369 4123 1529 4204 temporis
1545 4145 1551 4196 ;

553 4223 688 4308 Quievit
705 4218 904 4292 reconditus,
1184 4217 1372 4282 Coruscans
1385 4218 1552 4280 miraculis

555 4321 704 4386 Luciano
723 4315 878 4398 cognitus
1183 4311 1382 4395 suffragetur
1399 4313 1532 4378 famulis

472 4466 474 4472 .
551 4419 689 4483 tandem
706 4433 765 4496 per
782 4409 987 4474 miraculum
1183 4411 1268 4472 sacri
1284 4409 1383 4491 gleba
1399 4413 1556 4492 corporis

500 4617 694 4672 Manuscrlt.
719 4610 833 4663 Palus:
855 4604 1128 4671 Bibl.Nat.,17316,
1159 4603 1259 4657 Missel
1277 4603 1438 4671 d’Auxerre,
1459 4603 1574 4656 xlvi-xv*
1583 4603 1676 4672 siecle,
1696 4607 1726 4659 V.

503 4792 511 4830 1
529 4781 550 4830 d
583 4769 697 4826 Feracis
714 4768 869 4820 Bituricen.
902 4775 945 4819 est
960 4765 985 4817 Α
991 4762 1185 4816 τιῐὺειόιίονιη.

497 4856 556 4922 40'
576 4851 672 4907 docuit
685 4845 914 4902 Autissiodoren.
947 4861 964 4897 e
994 4843 1124 4910 fragrans
1143 4842 1299 4894 Bitrm'ccn.
1350 4907 1354 4916 Ι

499 4948 511 5005 5
533 4934 615 4988 Cette
629 4927 746 4998 strophe
759 4925 963 4994 manquedans
985 4923 1012 4974 l'.
1028 4931 1055 4974 et
1069 4921 1141 4974 dans
1156 4920 1380 4974 Autissiodoren.

495 5015 513 5067 6
532 5021 553 5069 b
584 5013 658 5065 iavet
671 5007 828 5061 Br'turr'cen.
