4102 5790
566 539 709 592 PROSAE
736 539 941 594 ECCLESIAE
967 541 1290 594 ROTHOMAGENSIS

923 735 942 801 7

1506 523 1574 612 189

724 832 939 897 Accedamus
956 834 1062 898 seduli

724 930 766 992 ad
784 949 945 1012 praesepe
961 931 1101 1012 parvuli,

723 1024 967 1107 amplectamur
982 1024 1145 1089 humilem
1160 1047 1167 1106 ;

726 1120 784 1198 Ut,
801 1121 833 1184 in
851 1119 916 1184 fine
933 1120 1066 1200 saeculi,

724 1217 898 1280 videamus
914 1216 1036 1298 singuli

724 1314 830 1375 securi
847 1312 1056 1378 Terribilem.

340 1467 560 1532 ,manuscrits
584 1461 698 1514 Parus:
716 1457 787 1512 Bibl.
804 1460 880 1527 Nan,
894 1458 955 1527 863,
970 1460 1070 1515 Missel
1091 1461 1127 1515 de
1150 1462 1259 1530 Rouen,
1281 1469 1328 1515 xve
1336 1461 1429 1531 siecle,
1449 1464 1483 1530 V,-
1513 1477 1574 1534 905,

318 1541 440 1598 Graduel
450 1541 486 1596 de
499 1541 609 1607 Rouen,
620 1537 767 1607 xvrsitcle,
778 1539 810 1592 X
812 1558 828 1604 ,·
862 1553 891 1606 17
894 1552 954 1608 317,
970 1539 1070 1596 Missel
1083 1539 1120 1596 de
1134 1542 1244 1610 Rouen,
1258 1548 1305 1595 κνθ
1317 1539 1412 1612 siecle,
1424 1543 1459 1598 Z.

353 1657 402 1707 ad
435 1649 483 1706 Sic
495 1649 697 1720 Rothomagen.

352 1747 398 1797 40
428 1730 548 1784 circulus
563 1731 595 1798 (t)
608 1731 642 1784 Z.

352 1823 401 1877 7a
432 1810 523 1865 securi
537 1810 570 1865 Z.
602 1815 617 1864 t
647 1823 746 1864 secure
765 1808 793 1862 V.

627 2025 706 2092 129.
739 1997 815 2072 oa
849 1999 1037 2075 BEATA
1069 2000 1265 2075 namn.

625 2171 638 2217 1

383 2285 458 2349 Ave
475 2285 574 2348 maris
590 2284 696 2362 stella,
713 2285 777 2348 Dei

385 2381 496 2445 Mater
511 2380 609 2459 alma,
625 2391 723 2464 porta
739 2381 820 2464 spei,

383 2477 443 2542 flos
459 2478 643 2542 immensae
658 2477 790 2560 speciei,

385 2593 442 2656 per
457 2582 491 2637 te
507 2583 644 2656 sperant
659 2573 763 2638 vitam
781 2574 839 2651 rei,

382 2671 441 2734 dat
456 2669 490 2732 in
507 2670 640 2752 signum
657 2669 755 2733 huius
771 2669 826 2747 rei,

382 2765 563 2829 hodiernae
579 2765 639 2829 lux
655 2765 722 2829 diei

426 2862 542 2926 laudes
558 2871 591 2926 et
607 2861 795 2944 praeconia.

383 2958 493 3022 Triste
509 2957 572 3021 suit
588 2958 621 3021 in
639 2959 712 3021 Eva
728 2979 777 3036 ve,

383 3056 440 3120 sed
457 3075 501 3117 ex
520 3054 592 3117 Eva
609 3053 756 3117 formans
773 3074 834 3116 ave

383 3169 463 3215 voce
479 3169 573 3213 versa
585 3151 643 3213 sed
661 3169 727 3213 non
745 3169 855 3233 prave,

383 3246 472 3310 intus
488 3245 600 3308 celans
617 3247 649 3308 in
667 3245 827 3308 conclave

382 3341 532 3406 Verbum
549 3341 675 3405 bonurn
692 3351 726 3406 et
742 3361 853 3419 suave,

381 3437 432 3502 his
448 3457 532 3521 quos
549 3437 674 3501 facturn
691 3439 831 3502 damnat
846 3457 948 3520 grave

424 3533 567 3618 desuper
583 3534 714 3598 irradia.

622 3683 641 3729 2

383 3793 539 3862 Gabriele
556 3795 742 3874 nuntiante,

383 3893 574 3976 concepisti,
591 3902 704 3958 austro
720 3892 831 3970 flante,

383 3999 481 4072 porta
496 3989 610 4052 clausa
625 3998 702 4072 post
718 3997 752 4053 et
768 3997 848 4052 ante
863 4010 870 4067 ;

385 4085 508 4168 Ioseph
524 4094 646 4168 stupet,
662 4095 695 4148 te
713 4092 929 4168 praegnante,

383 4181 451 4259 sed,
467 4180 589 4264 angelo
606 4180 826 4258 confortante,

384 4287 478 4361 patet
494 4277 585 4360 quod
601 4277 656 4356 sis,
672 4299 706 4341 re
723 4277 897 4360 probante,

428 4373 482 4437 via
498 4373 576 4436 viris
593 4373 691 4438 invia.

387 4470 582 4534 Fecundata
598 4469 681 4533 caeli
701 4489 784 4547 rore,

387 4566 488 4630 misso
505 4565 566 4628 tibi
583 4565 742 4648 pleniore,

385 4661 538 4744 virginali
555 4663 650 4726 salvo
666 4661 757 4739 flore,

388 4777 475 4821 novo
492 4758 566 4835 ritu,
582 4777 671 4822 novo
687 4779 789 4836 more,

387 4854 465 4917 dolo
480 4874 597 4918 carens
613 4865 647 4919 et
662 4854 787 4932 dolore,

391 4950 509 5032 gignis,
525 4952 652 5033 absque
672 4951 833 5033 genitore,

433 5045 629 5112 Genitorem
646 5045 722 5113 filia.

1253 2171 1271 2234 3

1016 2283 1116 2368 Quod
1133 2285 1295 2368 processit
1311 2286 1343 2349 in
1361 2283 1479 2368 figura,

1018 2380 1105 2445 nube
1122 2379 1230 2445 latens
1246 2381 1309 2444 sub
1325 2373 1475 2460 obscura,

1014 2475 1097 2540 haec
1113 2475 1261 2541 declarat
1276 2479 1430 2560 genitura
1444 2499 1451 2552 ;

1015 2573 1061 2635 sic
1079 2572 1111 2636 in
1130 2581 1236 2637 matre
1251 2573 1346 2656 virgo
1362 2594 1446 2656 pura

1014 2667 1165 2752 pariendi
1181 2669 1281 2732 vertit
1298 2669 1377 2746 iura,

1015 2765 1098 2844 fusa,
1114 2763 1256 2828 mirante
1272 2775 1401 2844 natura,

1059 2859 1205 2925 Deitatis
1221 2859 1343 2943 pluvia.

1018 2957 1077 3020 Pia
1093 2977 1190 3039 prece
1206 2957 1302 3039 placa
1320 2955 1458 3034 Natum,

1013 3050 1267 3116 vimresrenans
1284 3062 1535 3136 tempestatum,

1014 3149 1140 3212 munda
1160 3147 1277 3230 Virgo,
1298 3150 1424 3213 munda
1443 3159 1580 3228 statum,

1017 3264 1059 3307 ne
1076 3264 1137 3308 nos
1153 3245 1256 3308 ducat
1272 3245 1304 3307 in
1322 3255 1497 3328 peccatum

1016 3361 1121 3404 vanus
1135 3361 1231 3404 amor
1246 3342 1445 3420 vanitatum,

1016 3437 1049 3500 in
1066 3445 1100 3501 te
1117 3437 1205 3501 iacto
1221 3437 1416 3520 cogitatum,

1058 3552 1179 3617 parens
1195 3534 1284 3618 paris
1302 3535 1423 3600 nescia.

1252 3683 1274 3744 4

1013 3793 1113 3858 Placa
1130 3813 1230 3872 mare,
1246 3795 1347 3858 maris
1363 3795 1470 3875 stella,

1013 3891 1118 3954 Verbi
1137 3891 1200 3955 Dei
1218 3890 1307 3955 sacta
1323 3891 1417 3969 cella,

1018 3996 1126 4051 mater
1142 3987 1241 4050 simul
1258 3997 1292 4051 et
1309 3987 1430 4070 puella,

1018 4103 1104 4166 quae
1120 4083 1256 4147 dulcore
1272 4085 1377 4146 vincis
1395 4084 1503 4161 mella,

1016 4189 1111 4242 tuum
1130 4178 1256 4242 Natum
1275 4180 1463 4262 interpella,

1017 4295 1059 4338 ne
1077 4273 1227 4338 involvat
1244 4295 1305 4338 nos
1321 4275 1467 4358 procella

1062 4380 1095 4435 et
1111 4380 1296 4453 tempestas
1312 4372 1419 4436 obvia.

1018 4466 1140 4532 Omnis
1156 4465 1268 4545 homo,
1284 4468 1356 4532 sine
1373 4488 1476 4546 mora,

1018 4563 1116 4627 laude
1132 4561 1233 4644 plena
1249 4563 1359 4628 solvas
1375 4585 1444 4642 ora,

1021 4659 1129 4744 ipsam
1145 4659 1246 4738 colas,
1262 4661 1370 4743 ipsam
1386 4681 1455 4739 ora,

1020 4757 1113 4820 omni
1130 4756 1194 4832 die,
1210 4757 1301 4820 omni
1318 4755 1409 4836 hora,

1018 4853 1061 4916 sit
1078 4872 1172 4915 mens
1188 4851 1344 4935 simplex,
1363 4874 1431 4918 vox
1448 4871 1579 4932 sonora,

1019 4949 1066 5012 sic
1082 4958 1116 5012 te
1131 4967 1219 5030 gere,
1235 4950 1281 5012 sic
1298 4949 1441 5032 implora

1064 5045 1134 5110 eius
1150 5045 1345 5128 patrocinia.
