4094 5796
594 491 735 544 PROSAE
763 493 966 548 ECCLESIAE
992 497 1287 550 ANDEGAVENSIS
1525 501 1566 576 71

345 685 360 740 3
374 671 428 726 Les
441 679 541 741 quatre
555 685 619 724 vers
632 669 668 725 de
680 679 755 726 cette
768 673 885 742 strophe
898 685 963 728 sont
974 673 1134 730 intervertis
1147 673 1307 744 egelement
1316 675 1389 731 dans
1402 677 1443 732 les
1457 676 1566 732 memes

311 750 488 808 manuscrits.

733 823 856 878 Mortuis
875 823 935 878 vita
953 825 1094 895 redditur,

731 903 825 972 aegris
844 904 920 958 salus
940 904 1105 973 refunditur,

732 982 826 1036 caecis
845 983 892 1036 lux
911 981 1069 1038 restituitur

732 1061 841 1117 claudis
855 1077 970 1131 gressus
981 1064 1138 1119 revertitur.

344 1161 394 1216 6b
424 1161 517 1231 fulgur
529 1160 713 1228 andegaven.

345 1253 391 1308 70
421 1238 580 1310 regreditur
590 1239 624 1293 Z.

342 1325 392 1390 9d
423 1319 530 1391 potitur
542 1319 575 1373 Z.
591 1318 775 1388 Andagaven.

341 1402 417 1455 Tous
431 1401 471 1454 les
485 1416 550 1454 vers
563 1399 598 1453 de
609 1407 683 1452 cette
698 1399 785 1453 Prose
798 1397 927 1452 finissent
940 1414 976 1452 en
990 1401 1054 1453 itur
1063 1417 1100 1454 ou
1114 1417 1149 1454 en
1163 1401 1208 1454 iae
1240 1401 1321 1454 Nous
1339 1417 1428 1456 avons
1446 1401 1512 1472 deja
1528 1417 1565 1456 vu

306 1495 340 1534 au
355 1487 386 1533 n⁰
399 1495 433 1548 34
446 1490 510 1534 tous
524 1479 565 1532 les
579 1494 641 1532 vers
654 1477 737 1532 d’une
751 1480 839 1532 Prose
858 1495 894 1532 en
908 1479 1056 1534 l'honneur
1068 1480 1104 1534 de
1118 1479 1200 1534 Saint
1213 1480 1289 1534 Yves
1302 1480 1436 1535 termines
1450 1497 1485 1536 en
1504 1483 1566 1534 ium

307 1567 335 1616 et
347 1575 381 1615 en
395 1562 446 1616 r'aa
462 1558 594 1615 L'auteur
606 1558 658 1613 des
671 1557 745 1612 deux
758 1558 854 1628 pieces
867 1557 969 1613 affecte
982 1575 1014 1614 ce
1026 1560 1158 1630 procede.

302 1898 360 1988 48.
407 1893 465 1967 IN
509 1893 1071 1970 COMMEMORATIONE
1114 1893 1560 1969 DEFVNCTORVM.

601 2159 613 2204 1
1241 2157 1259 2222 3

303 2311 356 2374 De
366 2309 542 2394 profundis
552 2310 736 2376 clamantes
747 2311 914 2394 gemimus
931 2310 1003 2374 Nec
1020 2329 1210 2373 mensuram
1222 2307 1378 2372 observes
1394 2306 1558 2372 scelerum

300 2415 334 2471 et
353 2407 522 2490 gemendo
537 2427 652 2489 preces
669 2406 893 2486 effundimus3
932 2426 992 2469 nec
1009 2406 1182 2488 culparum
1204 2425 1359 2468 numeres
1384 2423 1560 2468 numerum

386 2504 511 2566 exaudi
528 2524 598 2580 nos,
615 2505 770 2568 Domine.
1017 2503 1074 2564 sed
1093 2503 1137 2565 da
1153 2501 1264 2565 locum
1281 2501 1407 2566 veniae.

303 2599 472 2676 Miserere,
489 2601 644 2663 misertus
662 2601 799 2677 miseris,
933 2599 1011 2661 Non
1029 2607 1081 2662 est
1096 2618 1181 2680 opus
1195 2597 1257 2660 reis
1274 2597 1408 2674 iudicio,

302 2694 369 2778 Qui
388 2693 544 2760 Salvator
559 2705 593 2760 et
610 2695 708 2761 Salus
725 2697 853 2773 diceris,
929 2695 987 2758 sed
1005 2693 1136 2757 afflictis
1153 2694 1252 2757 detur
1268 2693 1426 2771 remissi0,

385 2793 591 2874 competenti
608 2812 754 2857 munere.
1013 2791 1105 2854 dono
1121 2790 1216 2854 Tuae
1232 2789 1369 2872 gratiae.
1464 2879 1467 2886 .

607 2989 626 3036 2
1233 2990 1255 3052 4

301 3145 394 3210 Sicut
410 3167 526 3211 cervus
542 3148 584 3211 ad
598 3147 708 3212 fontes
724 3157 891 3232 properat,
925 3149 978 3213 Tu
995 3149 1112 3213 dixisti
1129 3173 1135 3212 :
1150 3147 1252 3211 “Vos
1269 3146 1326 3230 qui
1343 3145 1514 3212 laboribus

298 3241 345 3305 sic
360 3243 472 3306 anima
492 3244 535 3306 ad
552 3243 602 3306 Te
617 3245 795 3322 desiderat,
928 3246 1032 3328 pressi
1049 3246 1138 3320 estis,
1154 3251 1256 3327 atque
1272 3241 1440 3322 oneribus,

385 3339 475 3402 Fons
492 3340 746 3404 misericordiae.
1009 3342 1085 3424 Ego
1101 3362 1161 3405 vos
1178 3338 1334 3404 reficiam.
1345 3338 1361 3366 '’
1534 3405 1537 3413 ,

298 3433 414 3498 Fontis
430 3434 528 3499 huius
544 3437 639 3517 aquis
657 3457 717 3499 nos
733 3436 850 3502 abluas
927 3439 1014 3502 Ecce
1030 3438 1073 3501 ad
1090 3437 1140 3502 Te
1156 3437 1261 3520 pressi
1278 3435 1501 3518 confugimus

298 3549 357 3592 nec
372 3531 557 3594 secundum
575 3530 691 3614 culpas
709 3533 881 3612 retribuas,
926 3555 946 3598 a
962 3535 1012 3598 Te
1028 3533 1102 3597 solo
1119 3533 1207 3596 refici
1224 3533 1381 3615 petimus,

383 3625 475 3690 Deus
492 3625 733 3710 indulgentiae.
1012 3651 1071 3712 per
1087 3631 1196 3694 Tuam
1214 3628 1438 3694 clementiam.

905 3785 921 3852 5

646 3921 716 3985 Nec
733 3921 897 3986 iacturam
914 3923 1024 3986 Tuam
1041 3923 1218 4005 despicias,

642 4019 700 4082 sed
718 4018 921 4082 clamantem
938 4019 1013 4100 pius
1030 4019 1203 4101 respicias,

727 4115 813 4179 dans
829 4114 893 4178 reis
909 4116 1064 4179 remedia.

642 4210 708 4294 Qui
724 4221 884 4276 venturus
901 4231 935 4274 es
953 4212 1064 4276 Iudex
1081 4210 1231 4276 omnium

640 4306 817 4372 animabus
833 4308 961 4372 cunctis
978 4306 1127 4372 fidelium

728 4404 788 4468 des
805 4413 941 4468 aeterna
957 4405 1088 4487 gaudia.

332 4621 341 4658 1
357 4623 374 4660 e
404 4606 515 4661 decoris
528 4607 713 4677 Andagaven.
728 4609 867 4663 Redonen.
881 4607 941 4662 doit
955 4607 1014 4662 etre
1034 4607 1145 4678 change
1159 4625 1194 4663 en
1215 4609 1339 4676 dr'cerls,·
1359 4611 1385 4665 le
1399 4627 1465 4665 sens
1483 4620 1511 4666 et
1525 4611 1552 4666 la

296 4683 364 4740 rime
376 4687 515 4755 l'exigent.

331 4769 380 4818 2b
410 4766 573 4819 considerat
598 4766 783 4837 Andegaven.
806 4767 948 4822 Redoncn.
988 4769 1027 4822 Le
1043 4767 1103 4822 vrai
1126 4777 1201 4824 texte
1218 4786 1290 4824 nous
1316 4779 1359 4824 est
1384 4770 1478 4825 fourni
1501 4787 1553 4842 par

298 4843 479 4898 Cenomanen.

333 4935 346 5001 5
361 4929 374 4977 l
404 4925 449 4978 On
464 4935 562 4979 trouve
572 4924 655 4993 apres
669 4942 701 4979 ce
713 4943 776 4981 vers
790 4927 818 4982 la
830 4927 936 4996 phrase
950 4927 1080 4983 suivante
1093 4928 1165 4983 dans
1181 4929 1366 4984 Cenomanen.
1382 4949 1392 4985 :

612 5006 703 5068 Amen
717 5006 813 5070 dicant
827 5007 924 5062 omnia
936 5017 1098 5063 sanctorum
1111 5009 1234 5080 agmina.
