4102 5790
483 571 549 621 102
791 567 936 618 PROSAE
967 563 1172 617 ECCLESIAE
1201 559 1427 614 LEODIENSIS

476 749 504 802 S.
521 748 664 817 Meogold,
678 748 709 803 cf
718 747 799 804 n⁰6t.
830 749 870 802 La
883 747 953 802 rime
965 747 1030 802 iecr‘t
1041 757 1069 800 et
1078 743 1237 815 praeelegit
1248 741 1284 797 de
1297 742 1324 796 la
1338 741 1454 810 strophe
1468 753 1483 792 2
1496 737 1583 794 trahit
1597 736 1737 792 d'ailleurs

477 843 532 881 une
554 827 762 899 interpolation.
780 830 860 882 Nous
873 829 996 898 rejetons
1010 827 1037 882 le
1048 835 1117 880 tout.

513 913 563 962 ab
594 925 676 963 aures
695 908 757 962 UA.

514 1002 563 1055 3a
593 987 651 1041 fetu
665 988 722 1042 ST.
737 988 798 1042 BB.
813 988 942 1042 Leodrin.

514 1082 561 1132 40
591 1078 705 1122 curatus
718 1069 777 1122 ST.
791 1069 851 1121 BB.
867 1067 995 1122 Leodr‘en.
1027 1073 1041 1122 t
1072 1067 1157 1122 cessit
1172 1065 1248 1120 MA.

517 1151 564 1214 sb
596 1147 687 1202 noscit
701 1147 761 1202 BB.
777 1148 1003 1217 Leodien.1502-r
1011 1160 1068 1216 540.
1098 1165 1115 1202 ο
1146 1146 1223 1218 quod
1236 1155 1263 1199 et
1300 1153 1401 1198 uantas
1417 1143 1492 1196 MA.

516 1231 529 1286 5
552 1219 640 1274 Entre
653 1220 695 1273 les
708 1219 840 1290 strophes
855 1233 869 1288 5
883 1231 910 1274 et
924 1221 949 1288 6,
963 1236 1000 1273 on
1013 1221 1044 1272 lit
1058 1235 1161 1274 encore
1174 1217 1247 1272 dans
1261 1237 1273 1269 r
1299 1217 1326 1269 Α
1343 1233 1354 1269 .·

788 1333 805 1386 6
1419 1329 1435 1383 8

586 1432 639 1499 Tu,
657 1438 815 1486 constmcto
828 1435 887 1487 Dei
896 1434 1006 1504 templo,
1183 1433 1275 1502 Super
1294 1447 1395 1502 corpus
1414 1430 1471 1484 iam
1490 1431 1519 1484 in
1537 1429 1619 1500 aquis

589 1512 673 1566 verbo
690 1513 768 1567 doces
785 1520 813 1568 et
829 1514 962 1584 exemplo,
1184 1511 1272 1566 oritur
1290 1511 1326 1566 de
1344 1519 1428 1565 nocte
1447 1509 1521 1579 iguis

625 1609 752 1647 coruscas
772 1595 939 1659 mr’raculis,·
1220 1593 1331 1659 fulgens
1349 1589 1419 1645 lucis
1437 1589 1545 1656 radiis;

594 1671 621 1724 T
619 1672 690 1726 urba
708 1674 804 1742 credit,
822 1691 905 1727 error
922 1675 1001 1743 cedat,
1189 1672 1254 1727 Fuit
1273 1671 1354 1742 quasi
1376 1669 1466 1726 Patris
1485 1671 1602 1724 verbum

579 1752 655 1820 fides
667 1754 766 1806 crescit
782 1759 810 1806 et
826 1753 955 1806 clarescit
1185 1753 1221 1806 de
1240 1753 1320 1806 caelo
1338 1751 1437 1806 dicens
1454 1750 1491 1804 ad
1511 1747 1684 1804 Rumoldum

623 1847 723 1884 nomen
742 1835 819 1886 tanti
831 1833 984 1902 praesulis.
1220 1835 1265 1888 Tu
1284 1849 1315 1888 es
1335 1848 1415 1888 meus
1435 1832 1532 1898 filius;

550 2029 717 2084 Detestatus
737 2031 906 2086 adulterium
1182 2033 1226 2086 Tu
1246 2049 1321 2087 nunc
1339 2048 1371 2086 es
1390 2047 1471 2084 meus
1491 2028 1620 2098 dilectus,

549 2107 660 2178 praesul
679 2109 765 2184 subiit
787 2112 952 2180 martyrium
1182 2129 1214 2166 es
1233 2112 1340 2166 electus
1359 2119 1386 2166 et
1406 2118 1551 2179 acceptus,

585 2203 602 2240 a
620 2187 732 2242 duobus
751 2190 860 2246 sicariis
1179 2191 1207 2245 in
1227 2203 1255 2246 te
1274 2190 1342 2245 mihi
1363 2187 1541 2260 complacui;

551 2267 606 2336 Qui
627 2268 800 2324 Rumoldum
820 2271 984 2325 occiderunt
1184 2272 1238 2324 Per
1257 2281 1285 2326 te
1303 2281 1403 2340 gentes
1422 2269 1615 2336 salvabuntur,

550 2358 578 2400 et
599 2347 725 2401 occisum
744 2349 939 2404 demerserunt
1182 2351 1263 2404 multi
1284 2350 1375 2404 morbi
1394 2348 1567 2403 curabuntur

587 2442 690 2494 corpus
709 2429 800 2482 sancti
819 2431 958 2498 martyris.
1183 2429 1346 2482 meritorum
1365 2427 1474 2482 intuitu.

1110 2515 1142 2553 10

883 2595 908 2648 Ο
930 2595 1081 2664 Rumolde,
1100 2611 1214 2664 gregem
1235 2594 1320 2648 istum

883 2675 959 2744 apud
978 2691 1076 2728 verum
1096 2676 1205 2743 Regem
1226 2674 1371 2728 Christum

917 2753 964 2822 pie
982 2753 1144 2821 reconcilia,

885 2834 925 2887 Ut
946 2833 1059 2887 valeant
1078 2833 1206 2888 obtinere

884 2926 911 2968 et
930 2914 1049 2968 obtenta
1068 2913 1214 2983 possidere

920 2991 1079 3046 sanctitatis
1097 2992 1210 3062 gaudia

524 3109 579 3162 Ces
598 3111 729 3179 strophes
749 3109 826 3164 aussi
844 3108 960 3162 doivent
980 3109 1039 3160 titre
1059 3108 1186 3175 rejetees.
1213 3109 1254 3162 La
1274 3107 1391 3162 sixieme
1404 3119 1448 3164 est
1467 3111 1587 3164 d’Adam
1601 3110 1637 3165 de
1651 3111 1743 3165 Saint-

450 3201 454 3210 ·
488 3188 586 3242 Victor
609 3189 710 3256 (Prose
731 3191 767 3244 de
791 3190 819 3243 S.
843 3187 962 3256 Denys).
997 3187 1037 3240 La
1059 3186 1195 3241 huitieme
1221 3185 1256 3240 ou
1276 3187 1369 3241 radiis
1389 3189 1593 3260 correspondit
1612 3191 1697 3259 filius,
1718 3191 1745 3244 la

487 3267 635 3322 neuvieme
643 3269 679 3322 ou
690 3269 849 3339 complacui
855 3269 962 3321 alterne
971 3283 1041 3320 avec
1051 3267 1169 3334 rirtur'tu,
1178 3267 1313 3320 denotent
1323 3267 1389 3320 chez
1400 3269 1517 3322 l’auteur
1527 3285 1581 3322 une
1592 3269 1744 3338 ignorance

488 3347 627 3416 complete
641 3349 691 3402 des
705 3349 795 3417 regies
808 3347 992 3416 rythmiques.
1028 3347 1081 3400 Les
1095 3346 1226 3416 strophes
1240 3346 1277 3400 du
1294 3346 1394 3402 Missel
1407 3349 1444 3402 de
1458 3348 1544 3417 Liege
1554 3365 1589 3402 au
1603 3351 1743 3404 contraire

488 3437 552 3479 sont
566 3426 631 3480 bien
645 3428 796 3496 rythmees.

523 3505 574 3560 6d
605 3507 719 3560 adiutor
731 3508 807 3562 MA.

722 3696 777 3766 72.
806 3675 881 3748 DE
912 3674 982 3748 SS.
1004 3673 1227 3748 SIMONE
1261 3673 1334 3747 ET
1367 3674 1514 3749 lVDA.

794 3875 805 3919 1
1204 3865 1307 3927 Iudas
1322 3865 1408 3929 hanc
1424 3868 1565 3931 asseruit

684 3968 760 4030 Hac
777 3969 809 4030 in
827 3967 881 4032 die
1202 3969 1235 4023 et
1252 3981 1310 4042 per
1326 3962 1435 4043 ipsum
1453 3964 1562 4044 patuit

592 4071 595 4078 '
650 4073 651 4077 ’
725 4063 866 4128 laetetur
1311 4068 1435 4139 semper
1447 4059 1546 4124 clara.

638 4159 758 4222 chorus
774 4158 880 4222 fidelis

681 4255 828 4318 Alleluia
1421 4287 1438 4350 3

681 4351 849 4434 Quacum
868 4351 952 4412 Iuda

681 4544 687 4556 Ι
722 4447 910 4554 sit51m0ss·
1201 4471 1349 4535 Artaxat
1365 4482 1397 4535 et
1416 4473 1540 4536 Zaroes

633 4544 811 4648 adrunctus
828 4541 938 4617 caelffi,
1199 4588 1276 4630 suas
1293 4579 1481 4632 monstrant
1497 4570 1651 4635 haereses

677 4660 727 4700 res
743 4637 905 4700 meranda.
1305 4663 1384 4740 pari
1389 4665 1515 4743 forma,

785 4766 803 4810 2
1199 4757 1324 4822 Nostra
1341 4779 1401 4821 nec
1418 4761 1597 4827 credulitas

569 4864 686 4929 Simon
705 4862 804 4924 fidem
822 4862 936 4924 docuit
1198 4856 1316 4919 horum
1334 4877 1393 4939 per
1409 4861 1570 4924 versutias

485 5039 487 5044 ι
567 4981 653 5044 quae
669 4980 726 5041 per
742 4959 856 5020 orbem
873 4957 1043 5039 splenduit
1294 4955 1343 5038 fit
1356 4967 1519 5043 corrupta.

550 5091 552 5095 ·
660 5054 771 5146 -quasi
787 5054 904 5126 stella;
