<?xml version="1.0" encoding="UTF-8"?>
<!DOCTYPE html PUBLIC "-//W3C//DTD XHTML 1.0 Transitional//EN"
    "http://www.w3.org/TR/xhtml1/DTD/xhtml1-transitional.dtd">
<html xmlns="http://www.w3.org/1999/xhtml" xml:lang="en" lang="en">
 <head>
  <title>
</title>
<meta http-equiv="Content-Type" content="text/html;charset=utf-8" />
  <meta name='ocr-system' content='tesseract 3.04.00' />
  <meta name='ocr-capabilities' content='ocr_page ocr_carea ocr_par ocr_line ocrx_word'/>
</head>
<body>
  <div class='ocr_page' id='page_1' title='image "./analectaliturgi00wealgoog/analectaliturgi00wealgoog_0353.png"; bbox 0 0 4116 5784; ppageno 0'>
   <div class='ocr_carea' id='block_1_1' title="bbox 472 487 1407 578">
    <p class='ocr_par' dir='ltr' id='par_1_1' title="bbox 472 487 1407 578">
     <span class='ocr_line' id='line_1_1' title="bbox 472 487 1407 578; baseline -0.002 -22"><span class='ocrx_word' id='word_1_1' title='bbox 472 487 543 578; x_wconf 87' lang='lat'>346</span> <span class='ocrx_word' id='word_1_2' title='bbox 774 499 915 550; x_wconf 74' lang='lat' dir='ltr'>mosne</span> <span class='ocrx_word' id='word_1_3' title='bbox 940 499 1143 552; x_wconf 75' lang='lat' dir='ltr'>acccusmu</span> <span class='ocrx_word' id='word_1_4' title='bbox 1170 501 1407 554; x_wconf 80' lang='lat' dir='ltr'>uomuausrs</span> 
     </span>
    </p>
   </div>
   <div class='ocr_carea' id='block_1_2' title="bbox 768 695 1432 744">
    <p class='ocr_par' dir='ltr' id='par_1_2' title="bbox 768 695 1432 744">
     <span class='ocr_line' id='line_1_2' title="bbox 768 695 1432 744; baseline 0.003 -3"><span class='ocrx_word' id='word_1_5' title='bbox 768 695 801 741; x_wconf 87' lang='lat'>11</span> <span class='ocrx_word' id='word_1_6' title='bbox 1395 697 1432 744; x_wconf 88' lang='lat'>12</span> 
     </span>
    </p>
   </div>
   <div class='ocr_carea' id='block_1_3' title="bbox 512 803 1676 1176">
    <p class='ocr_par' dir='ltr' id='par_1_3' title="bbox 512 803 1676 1080">
     <span class='ocr_line' id='line_1_3' title="bbox 514 803 1606 890; baseline -0.001 -18"><span class='ocrx_word' id='word_1_7' title='bbox 514 804 545 872; x_wconf 95' lang='lat' dir='ltr'>O</span> <span class='ocrx_word' id='word_1_8' title='bbox 562 803 644 868; x_wconf 78' lang='lat' dir='ltr'>felix</span> <span class='ocrx_word' id='word_1_9' title='bbox 661 803 717 867; x_wconf 87' lang='lat' dir='ltr'>illa</span> <span class='ocrx_word' id='word_1_10' title='bbox 732 803 849 866; x_wconf 87' lang='lat' dir='ltr'>civitas</span> <span class='ocrx_word' id='word_1_11' title='bbox 1145 803 1243 868; x_wconf 89' lang='lat' dir='ltr'>Felix</span> <span class='ocrx_word' id='word_1_12' title='bbox 1259 813 1406 870; x_wconf 84' lang='lat' dir='ltr'><strong>castrum</strong></span> <span class='ocrx_word' id='word_1_13' title='bbox 1423 804 1456 868; x_wconf 91' lang='lat' dir='ltr'>in</span> <span class='ocrx_word' id='word_1_14' title='bbox 1474 806 1606 890; x_wconf 88' lang='lat' dir='ltr'>populis</span> 
     </span>
     <span class='ocr_line' id='line_1_4' title="bbox 512 897 1676 985; baseline 0.002 -19"><span class='ocrx_word' id='word_1_15' title='bbox 512 921 613 984; x_wconf 90' lang='lat' dir='ltr'>quam</span> <span class='ocrx_word' id='word_1_16' title='bbox 631 901 718 964; x_wconf 89' lang='lat' dir='ltr'>rexit</span> <span class='ocrx_word' id='word_1_17' title='bbox 734 899 838 982; x_wconf 87' lang='lat' dir='ltr'>patris</span> <span class='ocrx_word' id='word_1_18' title='bbox 853 897 1013 963; x_wconf 82' lang='lat' dir='ltr'>sanctitas</span> <span class='ocrx_word' id='word_1_19' title='bbox 1029 921 1036 978; x_wconf 91' lang='lat'>;</span> <span class='ocrx_word' id='word_1_20' title='bbox 1143 909 1260 964; x_wconf 91' lang='lat' dir='ltr'>notum</span> <span class='ocrx_word' id='word_1_21' title='bbox 1278 922 1337 984; x_wconf 90' lang='lat' dir='ltr'>per</span> <span class='ocrx_word' id='word_1_22' title='bbox 1353 922 1475 965; x_wconf 91' lang='lat' dir='ltr'>nomen</span> <span class='ocrx_word' id='word_1_23' title='bbox 1493 904 1676 985; x_wconf 89' lang='lat' dir='ltr'>praesulis;</span> 
     </span>
     <span class='ocr_line' id='line_1_5' title="bbox 514 995 1579 1080; baseline 0.002 -20"><span class='ocrx_word' id='word_1_24' title='bbox 514 996 625 1080; x_wconf 85' lang='lat' dir='ltr'>Quam</span> <span class='ocrx_word' id='word_1_25' title='bbox 643 995 724 1060; x_wconf 81' lang='lat' dir='ltr'>felix</span> <span class='ocrx_word' id='word_1_26' title='bbox 741 995 783 1058; x_wconf 91' lang='lat' dir='ltr'>de</span> <span class='ocrx_word' id='word_1_27' title='bbox 800 995 987 1077; x_wconf 89' lang='lat' dir='ltr'>praesentia</span> <span class='ocrx_word' id='word_1_28' title='bbox 1145 995 1245 1060; x_wconf 90' lang='lat' dir='ltr'>Nunc</span> <span class='ocrx_word' id='word_1_29' title='bbox 1261 999 1294 1060; x_wconf 92' lang='lat' dir='ltr'>in</span> <span class='ocrx_word' id='word_1_30' title='bbox 1311 997 1382 1060; x_wconf 91' lang='lat' dir='ltr'>eius</span> <span class='ocrx_word' id='word_1_31' title='bbox 1399 1000 1579 1080; x_wconf 88' lang='lat' dir='ltr'>praeconio</span> 
     </span>
    </p>

    <p class='ocr_par' dir='ltr' id='par_1_4' title="bbox 516 1091 1493 1176">
     <span class='ocr_line' id='line_1_6' title="bbox 516 1091 1493 1176; baseline 0.001 -19"><span class='ocrx_word' id='word_1_32' title='bbox 516 1102 566 1157; x_wconf 89' lang='lat' dir='ltr'>est</span> <span class='ocrx_word' id='word_1_33' title='bbox 583 1093 686 1176; x_wconf 90' lang='lat' dir='ltr'>ipsius</span> <span class='ocrx_word' id='word_1_34' title='bbox 701 1091 858 1155; x_wconf 87' lang='lat' dir='ltr'>ecclesia!</span> <span class='ocrx_word' id='word_1_35' title='bbox 1147 1100 1219 1156; x_wconf 93' lang='lat' dir='ltr'>tota</span> <span class='ocrx_word' id='word_1_36' title='bbox 1235 1093 1377 1156; x_wconf 90' lang='lat' dir='ltr'>laetetur</span> <span class='ocrx_word' id='word_1_37' title='bbox 1393 1095 1493 1176; x_wconf 86' lang='lat' dir='ltr'>regio.</span> 
     </span>
    </p>
   </div>
   <div class='ocr_carea' id='block_1_4' title="bbox 863 1213 1331 1686">
    <p class='ocr_par' dir='ltr' id='par_1_5' title="bbox 863 1213 1331 1686">
     <span class='ocr_line' id='line_1_7' title="bbox 1085 1213 1122 1278; baseline 0 0"><span class='ocrx_word' id='word_1_38' title='bbox 1085 1213 1122 1278; x_wconf 79' lang='grc' dir='ltr'>Ι3</span> 
     </span>
     <span class='ocr_line' id='line_1_8' title="bbox 865 1315 1299 1398; baseline 0.002 -19"><span class='ocrx_word' id='word_1_39' title='bbox 865 1316 956 1398; x_wconf 86' lang='lat' dir='ltr'>Ergo</span> <span class='ocrx_word' id='word_1_40' title='bbox 973 1315 1045 1378; x_wconf 88' lang='lat' dir='ltr'>laus</span> <span class='ocrx_word' id='word_1_41' title='bbox 1061 1315 1104 1378; x_wconf 89' lang='lat' dir='ltr'>sit</span> <span class='ocrx_word' id='word_1_42' title='bbox 1122 1315 1299 1380; x_wconf 87' lang='lat' dir='ltr'>Altissimo</span> 
     </span>
     <span class='ocr_line' id='line_1_9' title="bbox 863 1411 1331 1494; baseline 0.002 -20"><span class='ocrx_word' id='word_1_43' title='bbox 863 1432 924 1494; x_wconf 88' lang='lat' dir='ltr'>pro</span> <span class='ocrx_word' id='word_1_44' title='bbox 940 1411 1094 1494; x_wconf 87' lang='lat' dir='ltr'>praesule</span> <span class='ocrx_word' id='word_1_45' title='bbox 1110 1411 1331 1488; x_wconf 89' lang='lat' dir='ltr'>sanctissim0,</span> 
     </span>
     <span class='ocr_line' id='line_1_10' title="bbox 864 1505 1233 1590; baseline -0.003 -19"><span class='ocrx_word' id='word_1_46' title='bbox 864 1507 967 1572; x_wconf 90' lang='lat' dir='ltr'>Cuius</span> <span class='ocrx_word' id='word_1_47' title='bbox 983 1507 1057 1570; x_wconf 83' lang='lat' dir='ltr'>sulti</span> <span class='ocrx_word' id='word_1_48' title='bbox 1074 1505 1233 1590; x_wconf 81' lang='lat' dir='ltr'>suffragio</span> 
     </span>
     <span class='ocr_line' id='line_1_11' title="bbox 865 1602 1261 1686; baseline 0 -19"><span class='ocrx_word' id='word_1_49' title='bbox 865 1603 948 1667; x_wconf 88' lang='lat' dir='ltr'>caeli</span> <span class='ocrx_word' id='word_1_50' title='bbox 965 1602 1113 1666; x_wconf 81' lang='lat' dir='ltr'>fruamur</span> <span class='ocrx_word' id='word_1_51' title='bbox 1127 1603 1261 1686; x_wconf 81' lang='lat' dir='ltr'>gaudie.</span> 
     </span>
    </p>
   </div>
   <div class='ocr_carea' id='block_1_5' title="bbox 472 1801 1732 1953">
    <p class='ocr_par' dir='ltr' id='par_1_6' title="bbox 472 1801 1732 1953">
     <span class='ocr_line' id='line_1_12' title="bbox 509 1801 1732 1874; baseline 0.002 -16"><span class='ocrx_word' id='word_1_52' title='bbox 509 1807 704 1858; x_wconf 83' lang='lat' dir='ltr'>Manuscrlt.</span> <span class='ocrx_word' id='word_1_53' title='bbox 730 1802 933 1858; x_wconf 89' lang='lat' dir='ltr'>Saint-Omer:</span> <span class='ocrx_word' id='word_1_54' title='bbox 967 1801 1038 1856; x_wconf 90' lang='lat' dir='ltr'>Bibl.</span> <span class='ocrx_word' id='word_1_55' title='bbox 1053 1803 1090 1857; x_wconf 85' lang='lat' dir='ltr'>de</span> <span class='ocrx_word' id='word_1_56' title='bbox 1108 1803 1135 1857; x_wconf 89' lang='lat' dir='ltr'>la</span> <span class='ocrx_word' id='word_1_57' title='bbox 1151 1803 1232 1871; x_wconf 85' lang='lat' dir='ltr'>Ville,</span> <span class='ocrx_word' id='word_1_58' title='bbox 1248 1803 1348 1858; x_wconf 88' lang='lat' dir='ltr'>Missel</span> <span class='ocrx_word' id='word_1_59' title='bbox 1369 1803 1405 1859; x_wconf 86' lang='lat' dir='ltr'>de</span> <span class='ocrx_word' id='word_1_60' title='bbox 1428 1803 1619 1874; x_wconf 90' lang='lat' dir='ltr'>Saint·0mer‚</span> <span class='ocrx_word' id='word_1_61' title='bbox 1642 1805 1681 1860; x_wconf 87' lang='lat' dir='ltr'>tin</span> <span class='ocrx_word' id='word_1_62' title='bbox 1693 1805 1732 1860; x_wconf 90' lang='lat' dir='ltr'>du</span> 
     </span>
     <span class='ocr_line' id='line_1_13' title="bbox 472 1882 749 1953; baseline -0.011 -13"><span class='ocrx_word' id='word_1_63' title='bbox 472 1883 633 1953; x_wconf 67' lang='lat' dir='ltr'>xvi²siecle,</span> <span class='ocrx_word' id='word_1_64' title='bbox 647 1882 670 1937; x_wconf 91' lang='lat' dir='ltr'><em>S</em></span> <span class='ocrx_word' id='word_1_65' title='bbox 673 1883 749 1938; x_wconf 88' lang='lat' dir='ltr'><strong><em>-OD.</em></strong></span> 
     </span>
    </p>
   </div>
   <div class='ocr_carea' id='block_1_6' title="bbox 507 2047 848 2357">
    <p class='ocr_par' dir='ltr' id='par_1_7' title="bbox 510 2047 813 2102">
     <span class='ocr_line' id='line_1_14' title="bbox 510 2047 813 2102; baseline 0 -2"><span class='ocrx_word' id='word_1_66' title='bbox 510 2061 555 2101; x_wconf 87' lang='lat' dir='ltr'>rc</span> <span class='ocrx_word' id='word_1_67' title='bbox 584 2047 657 2102; x_wconf 84' lang='lat' dir='ltr'>sesto</span> <span class='ocrx_word' id='word_1_68' title='bbox 670 2047 813 2100; x_wconf 80' lang='lat' dir='ltr'>Mon&#39;nen.</span> 
     </span>
    </p>

    <p class='ocr_par' dir='ltr' id='par_1_8' title="bbox 507 2125 848 2357">
     <span class='ocr_line' id='line_1_15' title="bbox 508 2125 832 2197; baseline -0.009 -15"><span class='ocrx_word' id='word_1_69' title='bbox 508 2142 558 2197; x_wconf 84' lang='lat' dir='ltr'>3a</span> <span class='ocrx_word' id='word_1_70' title='bbox 588 2127 719 2182; x_wconf 85' lang='lat' dir='ltr'>eiusiam</span> <span class='ocrx_word' id='word_1_71' title='bbox 732 2125 832 2180; x_wconf 88' lang='lat' dir='ltr'><em>S-OD.</em></span> 
     </span>
     <span class='ocr_line' id='line_1_16' title="bbox 507 2205 848 2274; baseline -0.009 -12"><span class='ocrx_word' id='word_1_72' title='bbox 507 2212 559 2274; x_wconf 79' lang='lat'>41&gt;</span> <span class='ocrx_word' id='word_1_73' title='bbox 588 2205 848 2263; x_wconf 82' lang='lat' dir='ltr'>factusestS-OI).</span> 
     </span>
     <span class='ocr_line' id='line_1_17' title="bbox 510 2287 838 2357; baseline -0.009 -15"><span class='ocrx_word' id='word_1_74' title='bbox 510 2301 558 2357; x_wconf 71' lang='lat' dir='ltr'>sa</span> <span class='ocrx_word' id='word_1_75' title='bbox 588 2287 725 2342; x_wconf 87' lang='lat' dir='ltr'>Flandria</span> <span class='ocrx_word' id='word_1_76' title='bbox 739 2287 838 2342; x_wconf 78' lang='lat'><em>5-01).</em></span> 
     </span>
    </p>
   </div>
   <div class='ocr_carea' id='block_1_7' title="bbox 507 2371 817 2445">
    <p class='ocr_par' dir='ltr' id='par_1_9' title="bbox 507 2371 817 2445">
     <span class='ocr_line' id='line_1_18' title="bbox 507 2371 817 2445; baseline -0.006 -17"><span class='ocrx_word' id='word_1_77' title='bbox 507 2373 559 2428; x_wconf 77' lang='grc'>61)</span> <span class='ocrx_word' id='word_1_78' title='bbox 590 2373 704 2445; x_wconf 86' lang='lat' dir='ltr'>surripit</span> <span class='ocrx_word' id='word_1_79' title='bbox 718 2371 817 2429; x_wconf 88' lang='lat' dir='ltr'><em>S-OD.</em></span> 
     </span>
    </p>
   </div>
   <div class='ocr_carea' id='block_1_8' title="bbox 743 2635 1516 2730">
    <p class='ocr_par' dir='ltr' id='par_1_10' title="bbox 743 2635 1516 2730">
     <span class='ocr_line' id='line_1_19' title="bbox 743 2635 1516 2730; baseline 0 -22"><span class='ocrx_word' id='word_1_80' title='bbox 743 2661 826 2730; x_wconf 85' lang='lat'><strong>239.</strong></span> <span class='ocrx_word' id='word_1_81' title='bbox 857 2636 933 2710; x_wconf 88' lang='lat' dir='ltr'>DE</span> <span class='ocrx_word' id='word_1_82' title='bbox 963 2637 1187 2710; x_wconf 87' lang='lat' dir='ltr'>SANCTO</span> <span class='ocrx_word' id='word_1_83' title='bbox 1218 2635 1463 2709; x_wconf 82' lang='lat' dir='ltr'><strong>MAXIMO.</strong></span> <span class='ocrx_word' id='word_1_84' title='bbox 1513 2716 1516 2720; x_wconf 55' lang='grc'><strong>,</strong></span> 
     </span>
    </p>
   </div>
   <div class='ocr_carea' id='block_1_9' title="bbox 517 2895 1648 4358">
    <p class='ocr_par' dir='ltr' id='par_1_11' title="bbox 517 2895 1648 4358">
     <span class='ocr_line' id='line_1_20' title="bbox 782 2895 1428 2957; baseline -0.005 3"><span class='ocrx_word' id='word_1_85' title='bbox 782 2895 794 2941; x_wconf 88' lang='lat'>¹</span> <span class='ocrx_word' id='word_1_86' title='bbox 1411 2895 1428 2957; x_wconf 87' lang='grc'>3</span> 
     </span>
     <span class='ocr_line' id='line_1_21' title="bbox 519 3000 1575 3085; baseline -0.004 -18"><span class='ocrx_word' id='word_1_87' title='bbox 519 3003 616 3068; x_wconf 86' lang='lat' dir='ltr'><strong>Plebs</strong></span> <span class='ocrx_word' id='word_1_88' title='bbox 629 3003 671 3067; x_wconf 91' lang='lat' dir='ltr'>ad</span> <span class='ocrx_word' id='word_1_89' title='bbox 683 3003 798 3067; x_wconf 90' lang='lat' dir='ltr'>laudes</span> <span class='ocrx_word' id='word_1_90' title='bbox 809 3012 965 3085; x_wconf 89' lang='lat' dir='ltr'>prompta</span> <span class='ocrx_word' id='word_1_91' title='bbox 978 3002 1109 3085; x_wconf 87' lang='lat' dir='ltr'>plaude,</span> <span class='ocrx_word' id='word_1_92' title='bbox 1148 3003 1186 3068; x_wconf 93' lang='lat' dir='ltr'>In</span> <span class='ocrx_word' id='word_1_93' title='bbox 1206 3003 1353 3084; x_wconf 86' lang='lat' dir='ltr'>Regensi</span> <span class='ocrx_word' id='word_1_94' title='bbox 1370 3010 1479 3064; x_wconf 85' lang='lat' dir='ltr'>rector</span> <span class='ocrx_word' id='word_1_95' title='bbox 1493 3000 1575 3064; x_wconf 89' lang='lat' dir='ltr'>urbe</span> 
     </span>
     <span class='ocr_line' id='line_1_22' title="bbox 517 3096 1611 3181; baseline -0.004 -19"><span class='ocrx_word' id='word_1_96' title='bbox 517 3100 620 3181; x_wconf 86' lang='lat' dir='ltr'>digne</span> <span class='ocrx_word' id='word_1_97' title='bbox 635 3099 736 3162; x_wconf 89' lang='lat' dir='ltr'>lauda</span> <span class='ocrx_word' id='word_1_98' title='bbox 751 3099 891 3181; x_wconf 88' lang='lat' dir='ltr'>dignum</span> <span class='ocrx_word' id='word_1_99' title='bbox 908 3099 1007 3162; x_wconf 87' lang='lat' dir='ltr'>laude</span> <span class='ocrx_word' id='word_1_100' title='bbox 1147 3118 1242 3162; x_wconf 88' lang='lat' dir='ltr'>carus</span> <span class='ocrx_word' id='word_1_101' title='bbox 1258 3098 1356 3176; x_wconf 90' lang='lat' dir='ltr'>clero,</span> <span class='ocrx_word' id='word_1_102' title='bbox 1371 3119 1467 3162; x_wconf 90' lang='lat' dir='ltr'>carus</span> <span class='ocrx_word' id='word_1_103' title='bbox 1483 3096 1611 3172; x_wconf 83' lang='lat' dir='ltr'><strong>turbae,</strong></span> 
     </span>
     <span class='ocr_line' id='line_1_23' title="bbox 561 3193 1581 3278; baseline -0.004 -20"><span class='ocrx_word' id='word_1_104' title='bbox 561 3196 647 3258; x_wconf 87' lang='lat' dir='ltr'>inter</span> <span class='ocrx_word' id='word_1_105' title='bbox 663 3215 804 3277; x_wconf 86' lang='lat' dir='ltr'>magnos</span> <span class='ocrx_word' id='word_1_106' title='bbox 822 3195 1011 3258; x_wconf 88' lang='lat' dir='ltr'>Maximum</span> <span class='ocrx_word' id='word_1_107' title='bbox 1027 3217 1034 3272; x_wconf 91' lang='lat'>;</span> <span class='ocrx_word' id='word_1_108' title='bbox 1192 3194 1301 3258; x_wconf 88' lang='lat' dir='ltr'>clarus</span> <span class='ocrx_word' id='word_1_109' title='bbox 1317 3194 1421 3278; x_wconf 84' lang='lat' dir='ltr'>signis</span> <span class='ocrx_word' id='word_1_110' title='bbox 1437 3193 1581 3256; x_wconf 91' lang='lat' dir='ltr'>habitat:</span> 
     </span>
     <span class='ocr_line' id='line_1_24' title="bbox 519 3289 1586 3374; baseline -0.003 -20"><span class='ocrx_word' id='word_1_111' title='bbox 519 3291 580 3354; x_wconf 91' lang='lat' dir='ltr'>Per</span> <span class='ocrx_word' id='word_1_112' title='bbox 594 3311 695 3374; x_wconf 89' lang='lat' dir='ltr'>quem</span> <span class='ocrx_word' id='word_1_113' title='bbox 712 3300 842 3374; x_wconf 88' lang='lat' dir='ltr'>patrem</span> <span class='ocrx_word' id='word_1_114' title='bbox 859 3300 893 3354; x_wconf 88' lang='lat' dir='ltr'>et</span> <span class='ocrx_word' id='word_1_115' title='bbox 909 3300 1088 3372; x_wconf 90' lang='lat' dir='ltr'>patronum</span> <span class='ocrx_word' id='word_1_116' title='bbox 1150 3289 1262 3354; x_wconf 90' lang='lat' dir='ltr'>Cornu</span> <span class='ocrx_word' id='word_1_117' title='bbox 1279 3291 1374 3354; x_wconf 90' lang='lat' dir='ltr'>bovis</span> <span class='ocrx_word' id='word_1_118' title='bbox 1390 3289 1586 3371; x_wconf 86' lang='lat' dir='ltr'>iugulatum,</span> 
     </span>
     <span class='ocr_line' id='line_1_25' title="bbox 518 3385 1597 3470; baseline -0.005 -19"><span class='ocrx_word' id='word_1_119' title='bbox 518 3389 689 3468; x_wconf 88' lang='lat' dir='ltr'>possidere</span> <span class='ocrx_word' id='word_1_120' title='bbox 706 3388 813 3470; x_wconf 90' lang='lat' dir='ltr'>possis</span> <span class='ocrx_word' id='word_1_121' title='bbox 829 3387 986 3450; x_wconf 86' lang='lat' dir='ltr'>thronum</span> <span class='ocrx_word' id='word_1_122' title='bbox 1140 3407 1263 3452; x_wconf 51' lang='lat' dir='ltr'>¹morsu</span> <span class='ocrx_word' id='word_1_123' title='bbox 1279 3387 1371 3450; x_wconf 92' lang='lat' dir='ltr'>canis</span> <span class='ocrx_word' id='word_1_124' title='bbox 1387 3385 1597 3461; x_wconf 82' lang='lat' dir='ltr'>suffocatum,</span> 
     </span>
     <span class='ocr_line' id='line_1_26' title="bbox 562 3483 1507 3566; baseline -0.002 -20"><span class='ocrx_word' id='word_1_125' title='bbox 562 3485 651 3548; x_wconf 91' lang='lat' dir='ltr'>vitae</span> <span class='ocrx_word' id='word_1_126' title='bbox 667 3483 918 3547; x_wconf 90' lang='lat' dir='ltr'>lucidissimum.</span> <span class='ocrx_word' id='word_1_127' title='bbox 1194 3484 1344 3566; x_wconf 90' lang='lat' dir='ltr'>aliosque</span> <span class='ocrx_word' id='word_1_128' title='bbox 1360 3483 1507 3546; x_wconf 89' lang='lat' dir='ltr'>suscitat.</span> 
     </span>
     <span class='ocr_line' id='line_1_27' title="bbox 781 3609 1431 3708; baseline -0.005 3"><span class='ocrx_word' id='word_1_129' title='bbox 781 3609 799 3655; x_wconf 89' lang='lat'>²</span> <span class='ocrx_word' id='word_1_130' title='bbox 1408 3647 1431 3708; x_wconf 89' lang='lat'>4</span> 
     </span>
     <span class='ocr_line' id='line_1_28' title="bbox 519 3694 1003 3760; baseline -0.004 0"><span class='ocrx_word' id='word_1_131' title='bbox 519 3696 570 3760; x_wconf 88' lang='lat' dir='ltr'>Te</span> <span class='ocrx_word' id='word_1_132' title='bbox 585 3697 745 3760; x_wconf 88' lang='lat' dir='ltr'>virtutum</span> <span class='ocrx_word' id='word_1_133' title='bbox 763 3696 824 3760; x_wconf 88' lang='lat' dir='ltr'>iux</span> <span class='ocrx_word' id='word_1_134' title='bbox 840 3694 1003 3760; x_wconf 90' lang='lat' dir='ltr'>accendat</span> 
     </span>
     <span class='ocr_line' id='line_1_29' title="bbox 520 3779 1575 3875; baseline -0.012 -20"><span class='ocrx_word' id='word_1_135' title='bbox 520 3800 556 3855; x_wconf 91' lang='lat' dir='ltr'>ut</span> <span class='ocrx_word' id='word_1_136' title='bbox 575 3793 791 3856; x_wconf 89' lang='lat' dir='ltr'>commendes</span> <span class='ocrx_word' id='word_1_137' title='bbox 814 3812 914 3875; x_wconf 90' lang='lat' dir='ltr'>quem</span> <span class='ocrx_word' id='word_1_138' title='bbox 936 3810 1106 3855; x_wconf 91' lang='lat' dir='ltr'>commen·</span> <span class='ocrx_word' id='word_1_139' title='bbox 1153 3785 1242 3849; x_wconf 89' lang='lat' dir='ltr'>Perit</span> <span class='ocrx_word' id='word_1_140' title='bbox 1258 3783 1350 3847; x_wconf 90' lang='lat' dir='ltr'>canis</span> <span class='ocrx_word' id='word_1_141' title='bbox 1366 3779 1575 3856; x_wconf 87' lang='lat' dir='ltr'>exsufflatus,</span> 
     </span>
     <span class='ocr_line' id='line_1_30' title="bbox 1045 3877 1593 3962; baseline -0.026 -10"><span class='ocrx_word' id='word_1_142' title='bbox 1045 3889 1103 3951; x_wconf 89' lang='lat' dir='ltr'>dat</span> <span class='ocrx_word' id='word_1_143' title='bbox 1148 3881 1238 3948; x_wconf 89' lang='lat' dir='ltr'>visus</span> <span class='ocrx_word' id='word_1_144' title='bbox 1254 3880 1346 3962; x_wconf 88' lang='lat' dir='ltr'>viget</span> <span class='ocrx_word' id='word_1_145' title='bbox 1361 3878 1467 3943; x_wconf 90' lang='lat' dir='ltr'>caecis</span> <span class='ocrx_word' id='word_1_146' title='bbox 1484 3877 1593 3952; x_wconf 91' lang='lat' dir='ltr'>datus,</span> 
     </span>
     <span class='ocr_line' id='line_1_31' title="bbox 562 3974 1563 4062; baseline -0.013 -15"><span class='ocrx_word' id='word_1_147' title='bbox 562 3984 832 4048; x_wconf 89' lang='lat' dir='ltr'>commendanda</span> <span class='ocrx_word' id='word_1_148' title='bbox 848 3986 979 4048; x_wconf 91' lang='lat' dir='ltr'>novitas</span> <span class='ocrx_word' id='word_1_149' title='bbox 995 4006 1003 4062; x_wconf 89' lang='lat'>;</span> <span class='ocrx_word' id='word_1_150' title='bbox 1191 3975 1392 4040; x_wconf 88' lang='lat' dir='ltr'>convalescit</span> <span class='ocrx_word' id='word_1_151' title='bbox 1409 3974 1563 4051; x_wconf 86' lang='lat' dir='ltr'>sancius;</span> 
     </span>
     <span class='ocr_line' id='line_1_32' title="bbox 521 4075 1562 4158; baseline -0.009 -14"><span class='ocrx_word' id='word_1_152' title='bbox 521 4080 614 4144; x_wconf 90' lang='lat' dir='ltr'>Anni</span> <span class='ocrx_word' id='word_1_153' title='bbox 632 4083 720 4158; x_wconf 91' lang='lat' dir='ltr'>novi,</span> <span class='ocrx_word' id='word_1_154' title='bbox 736 4083 793 4145; x_wconf 89' lang='lat' dir='ltr'>sed</span> <span class='ocrx_word' id='word_1_155' title='bbox 811 4101 974 4145; x_wconf 89' lang='lat' dir='ltr'>annorum</span> <span class='ocrx_word' id='word_1_156' title='bbox 1152 4077 1339 4143; x_wconf 87' lang='lat' dir='ltr'>Sanitatem</span> <span class='ocrx_word' id='word_1_157' title='bbox 1357 4075 1403 4138; x_wconf 92' lang='lat' dir='ltr'>sic</span> <span class='ocrx_word' id='word_1_158' title='bbox 1420 4075 1562 4155; x_wconf 90' lang='lat' dir='ltr'>adeptus</span> 
     </span>
     <span class='ocr_line' id='line_1_33' title="bbox 521 4170 1648 4256; baseline -0.01 -16"><span class='ocrx_word' id='word_1_159' title='bbox 521 4178 706 4242; x_wconf 87' lang='lat' dir='ltr'>novitatem</span> <span class='ocrx_word' id='word_1_160' title='bbox 725 4179 807 4241; x_wconf 90' lang='lat' dir='ltr'>mira</span> <span class='ocrx_word' id='word_1_161' title='bbox 825 4197 954 4240; x_wconf 89' lang='lat' dir='ltr'>morum</span> <span class='ocrx_word' id='word_1_162' title='bbox 1152 4173 1277 4256; x_wconf 87' lang='lat' dir='ltr'>gaudet</span> <span class='ocrx_word' id='word_1_163' title='bbox 1293 4191 1400 4253; x_wconf 86' lang='lat' dir='ltr'>aeger,</span> <span class='ocrx_word' id='word_1_164' title='bbox 1413 4171 1470 4232; x_wconf 88' lang='lat' dir='ltr'>sed</span> <span class='ocrx_word' id='word_1_165' title='bbox 1488 4170 1648 4250; x_wconf 86' lang='lat' dir='ltr'>deceptus</span> 
     </span>
     <span class='ocr_line' id='line_1_34' title="bbox 567 4266 1521 4358; baseline -0.009 -21"><span class='ocrx_word' id='word_1_166' title='bbox 567 4275 710 4358; x_wconf 85' lang='lat' dir='ltr'>castigat</span> <span class='ocrx_word' id='word_1_167' title='bbox 727 4275 910 4338; x_wconf 79' lang='lat' dir='ltr'>maturitas,</span> <span class='ocrx_word' id='word_1_168' title='bbox 1193 4269 1279 4332; x_wconf 90' lang='lat' dir='ltr'>latro</span> <span class='ocrx_word' id='word_1_169' title='bbox 1297 4267 1374 4330; x_wconf 82' lang='lat' dir='ltr'>furit</span> <span class='ocrx_word' id='word_1_170' title='bbox 1390 4266 1521 4346; x_wconf 90' lang='lat' dir='ltr'>impius.</span> 
     </span>
    </p>
   </div>
   <div class='ocr_carea' id='block_1_10' title="bbox 1100 4424 1115 4490">
    <p class='ocr_par' dir='ltr' id='par_1_12' title="bbox 1100 4424 1115 4490">
     <span class='ocr_line' id='line_1_35' title="bbox 1100 4424 1115 4490; baseline 0 0"><span class='ocrx_word' id='word_1_171' title='bbox 1100 4424 1115 4490; x_wconf 88' lang='grc'><strong><em>5</em></strong></span> 
     </span>
    </p>
   </div>
   <div class='ocr_carea' id='block_1_11' title="bbox 892 4529 1328 5100">
    <p class='ocr_par' dir='ltr' id='par_1_13' title="bbox 892 4529 1294 4616">
     <span class='ocr_line' id='line_1_36' title="bbox 892 4529 1294 4616; baseline -0.015 -19"><span class='ocrx_word' id='word_1_172' title='bbox 892 4534 984 4616; x_wconf 86' lang='lat' dir='ltr'>Ergo</span> <span class='ocrx_word' id='word_1_173' title='bbox 1001 4540 1116 4596; x_wconf 91' lang='lat' dir='ltr'>tantae</span> <span class='ocrx_word' id='word_1_174' title='bbox 1132 4529 1294 4594; x_wconf 91' lang='lat' dir='ltr'>bonitatis</span> 
     </span>
    </p>

    <p class='ocr_par' dir='ltr' id='par_1_14' title="bbox 893 4625 1310 4808">
     <span class='ocr_line' id='line_1_37' title="bbox 893 4625 1310 4711; baseline -0.012 -19"><span class='ocrx_word' id='word_1_175' title='bbox 893 4639 1016 4711; x_wconf 89' lang='lat' dir='ltr'>pastor,</span> <span class='ocrx_word' id='word_1_176' title='bbox 1032 4627 1145 4711; x_wconf 90' lang='lat' dir='ltr'>pande</span> <span class='ocrx_word' id='word_1_177' title='bbox 1160 4625 1310 4690; x_wconf 89' lang='lat' dir='ltr'>veritatis</span> 
     </span>
     <span class='ocr_line' id='line_1_38' title="bbox 935 4722 1255 4808; baseline -0.013 -20"><span class='ocrx_word' id='word_1_178' title='bbox 935 4725 1028 4808; x_wconf 85' lang='lat' dir='ltr'>gregi</span> <span class='ocrx_word' id='word_1_179' title='bbox 1046 4734 1103 4787; x_wconf 87' lang='lat' dir='ltr'>tua</span> <span class='ocrx_word' id='word_1_180' title='bbox 1118 4722 1255 4799; x_wconf 86' lang='lat' dir='ltr'>viscera,</span> 
     </span>
    </p>

    <p class='ocr_par' dir='ltr' id='par_1_15' title="bbox 896 4819 1297 4884">
     <span class='ocr_line' id='line_1_39' title="bbox 896 4819 1297 4884; baseline -0.007 0"><span class='ocrx_word' id='word_1_181' title='bbox 896 4821 1092 4884; x_wconf 89' lang='lat' dir='ltr'>Interventu</span> <span class='ocrx_word' id='word_1_182' title='bbox 1109 4819 1297 4882; x_wconf 88' lang='lat' dir='ltr'>sanctitatis</span> 
     </span>
    </p>

    <p class='ocr_par' dir='ltr' id='par_1_16' title="bbox 893 4915 1328 5100">
     <span class='ocr_line' id='line_1_40' title="bbox 893 4915 1328 4999; baseline -0.005 -19"><span class='ocrx_word' id='word_1_183' title='bbox 893 4937 954 4980; x_wconf 90' lang='lat' dir='ltr'>nos</span> <span class='ocrx_word' id='word_1_184' title='bbox 971 4925 1131 4999; x_wconf 86' lang='lat' dir='ltr'>purgatos</span> <span class='ocrx_word' id='word_1_185' title='bbox 1147 4935 1167 4978; x_wconf 90' lang='lat' dir='ltr'>a</span> <span class='ocrx_word' id='word_1_186' title='bbox 1182 4915 1328 4996; x_wconf 87' lang='lat' dir='ltr'>peccatis</span> 
     </span>
     <span class='ocr_line' id='line_1_41' title="bbox 938 5010 1269 5100; baseline -0.006 -19"><span class='ocrx_word' id='word_1_187' title='bbox 938 5023 972 5082; x_wconf 87' lang='lat' dir='ltr'>ct</span> <span class='ocrx_word' id='word_1_188' title='bbox 988 5034 1007 5077; x_wconf 92' lang='lat' dir='ltr'>a</span> <span class='ocrx_word' id='word_1_189' title='bbox 1023 5012 1141 5100; x_wconf 89' lang='lat' dir='ltr'>poenis</span> <span class='ocrx_word' id='word_1_190' title='bbox 1156 5010 1269 5080; x_wconf 87' lang='lat' dir='ltr'>libera.</span> 
     </span>
    </p>
   </div>
   <div class='ocr_carea' id='block_1_12' title="bbox 0 0 2071 5784">
    <p class='ocr_par' dir='ltr' id='par_1_17' title="bbox 0 0 2071 5784">
     <span class='ocr_line' id='line_1_42' title="bbox 0 0 2071 5784; baseline 0 0"><span class='ocrx_word' id='word_1_191' title='bbox 0 0 2071 5784; x_wconf 95' lang='lat' dir='ltr'> </span> 
     </span>
    </p>
   </div>
  </div>
 </body>
</html>
