4094 5796
627 551 769 604 PROSAE
797 553 999 606 ECCLESIAE
1026 553 1317 606 ANDEGAVENSIS
1537 585 1538 590 =
1552 557 1598 630 59

377 733 569 785 Manuscrlt.
587 728 682 784 Panis
698 747 705 784 τ
720 730 792 786 Bibl.
808 732 885 799 Nat,
899 730 958 798 868,
974 730 1074 786 Missel
1087 731 1235 803 d’Angers,
1248 737 1296 788 rre
1308 730 1401 802 siecle,
1414 733 1449 788 Ζ.

380 824 389 863 r
406 814 428 864 b
458 817 486 862 et
500 806 583 863 rediit
597 808 729 864 Christus
742 810 780 865 ad
794 811 910 865 aethera
923 811 956 864 Z.

379 903 388 943 1
405 893 427 943 h
458 887 548 960 Apres
562 904 595 942 ce
608 905 670 943 vers
685 907 722 943 on
739 889 779 958 lit,
793 890 865 944 dans
882 891 924 944 les
944 890 1058 948 Missels
1077 891 1217 962 d’Angers
1230 891 1384 962 imprimes,
1397 892 1438 948 les
1451 893 1520 950 trois
1533 911 1597 950 vers

341 969 467 1024 suivants
480 967 527 1041 qui
541 979 673 1040 rumpent
687 969 713 1024 le
727 971 839 1040 rythme
852 981 880 1028 et
893 970 1009 1025 doivent
1022 971 1081 1026 etre
1095 971 1255 1042 supprimes
1269 990 1276 1028 :

693 1076 848 1146 Postquam
862 1075 939 1130 misit
954 1074 1076 1146 Spiritus
1089 1092 1207 1132 munera

690 1154 838 1225 discipulis
851 1154 1011 1225 linguarum
1024 1171 1131 1224 genera

691 1235 739 1304 qui
751 1234 847 1289 docuit
861 1244 889 1290 et
902 1235 960 1306 pati
974 1251 1084 1306 aspera.

372 1352 417 1406 30
449 1337 577 1392 Herodis
592 1336 701 1391 Herodi
715 1337 900 1407 Andagaven.
924 1343 944 1392 h
968 1339 1121 1409 imputetur
1133 1339 1317 1410 Andagaven.

370 1422 421 1484 4b
451 1416 512 1471 eius
525 1417 582 1470 duo
601 1417 636 1472 Z.
661 1434 679 1470 o
704 1429 888 1488 aconspectu
908 1418 982 1488 regis
1001 1420 1186 1490 Andagaven.
1207 1435 1228 1486 g
1250 1422 1354 1476 saeculi
1374 1422 1558 1493 Andegaven.

373 1501 420 1566 5h
454 1495 491 1550 ibi
505 1497 608 1550 sistunt
621 1495 806 1567 Andegaven.

369 1575 419 1630 6a
450 1575 556 1630 indicia
569 1576 753 1646 Andagaven.
775 1593 792 1631 e
812 1577 992 1648 componitur
1004 1578 1188 1648 Aridegaven.
1215 1585 1228 1633 i
1253 1581 1348 1634 artus!
1363 1581 1396 1634 Z.

369 1661 419 1720 7d
450 1655 636 1726 imposterum
650 1655 834 1726 Andegaven.
858 1657 973 1727 gquod
987 1673 1045 1710 non
1058 1657 1100 1712 ias
1114 1658 1150 1712 sit
1165 1659 1348 1729 Andagaven.
1376 1665 1397 1714 h
1420 1660 1591 1718 locaAnde·

335 1751 432 1803 paren.

367 1815 382 1867 8
395 1819 416 1868 d
447 1814 525 1884 lepra
538 1825 634 1884 partes
648 1814 781 1887 relinquit
796 1816 981 1887 Andagaven.

647 2213 706 2281 40.
739 2190 813 2264 DE
844 2192 1069 2268 SANCTA
1100 2194 1174 2266 ΑΝ
1184 2194 1271 2268 ΝΑ.

639 2559 650 2604 1

418 2669 527 2732 Mater
545 2671 661 2734 Matris
680 2671 827 2746 Domini,

415 2763 495 2826 felix
513 2765 693 2828 felicissimi

415 2860 564 2923 Ioachim
581 2862 746 2938 consocia,

601 3069 603 3072 .
630 3030 649 3079 2

412 3169 580 3254 Singulari
597 3175 709 3238 studio

412 3287 595 3350 pauperum
609 3269 729 3334 solatio

410 3363 583 3426 conserens
600 3365 757 3430 subsidia.

410 3457 520 3536 Anna,
536 3459 592 3522 diu
611 3459 741 3536 steriliS,

408 3560 497 3641 apud
516 3558 626 3622 Deum
645 3561 789 3639 humilis

409 3669 543 3742 propter
559 3660 666 3722 virum
684 3662 795 3738 anxia,

626 3835 643 3898 3

407 3964 473 4048 Qui
490 3965 643 4030 turbatus
660 3966 800 4029 nimium

406 4061 499 4124 triste
515 4082 575 4143 per
590 4061 758 4144 eloquium

407 4155 523 4218 datum
541 4155 584 4219 ad
601 4157 729 4234 altaria,

407 4250 545 4333 Propter
560 4253 660 4316 verba
676 4251 837 4335 praesulis

405 4345 500 4409 iuxta
516 4347 622 4409 vicem
640 4349 749 4410 exulis

404 4439 487 4523 fugit
504 4442 545 4503 ad
563 4443 684 4521 ovilia;

619 4616 640 4675 4

404 4739 511 4822 Quem
528 4743 680 4807 caelestis
697 4747 835 4808 nuntius

404 4837 537 4916 pulcher
554 4849 587 4902 et
605 4843 767 4922 propitius

404 4930 524 4995 blanda
541 4955 600 5015 per
616 4935 748 5017 eloquia

403 5027 499 5091 solvit
514 5049 534 5092 a
552 5030 683 5093 miseria
696 5054 703 5110 ;

1049 2545 1110 2607 Per
1125 2547 1283 2629 exempla
1299 2556 1448 2612 veterum

1045 2661 1102 2702 cor
1117 2641 1243 2720 fovcnS,
1258 2655 1292 2706 et
1309 2643 1464 2707 miserum

1045 2737 1206 2800 reducens
1223 2739 1265 2802 ad
1283 2741 1406 2821 gaudia

1044 2837 1151 2898 veraci
1169 2837 1355 2918 prophetia.

1263 2959 1278 3028 5

1151 3071 1362 3138 Consortavit

1150 3177 1183 3232 et
1200 3171 1399 3235 monstravit

1122 3301 1125 3306 -
1148 3265 1239 3346 quod
1257 3265 1400 3328 Mariam

1149 3361 1319 3442 egregiam

1060 3455 1214 3537 gigneret
1230 3476 1275 3518 ex
1291 3465 1333 3533 te,
1350 3457 1414 3539 pia.

1148 3551 1179 3616 O
1197 3562 1352 3632 parentes

1147 3666 1249 3728 quam
1266 3650 1462 3727 gaudentes,

1147 3762 1247 3824 quarn
1266 3742 1419 3807 laudatos

1147 3845 1180 3900 et
1198 3838 1313 3900 beatos

1056 3951 1116 3993 vos
1133 3930 1211 3996 facit
1228 3932 1309 3996 haec
1326 3933 1414 3997 iilia!

1253 4059 1274 4120 6

1147 4171 1242 4235 Haec
1258 4180 1308 4234 est
1325 4193 1400 4236 rosa

1143 4267 1304 4349 speciosa,

1145 4383 1231 4446 quae
1247 4364 1289 4426 de
1305 4363 1410 4445 spinis

1145 4469 1177 4523 et
1194 4461 1305 4538 ruinis,

1100 4563 1134 4618 et
1150 4557 1234 4619 truci
1252 4557 1377 4620 invidia

1145 4653 1372 4735 Antiquorum

1144 4749 1355 4826 Iudaeorum,

1143 4845 1205 4908 suit
1223 4855 1311 4922 nata,

1143 4941 1238 5004 nobis
1256 4943 1344 5018 data,

1096 5037 1192 5100 iuxta
1208 5037 1374 5103 vaticinia.
