4116 5784
493 529 567 598 400
766 525 909 576 PROSAE
937 523 1140 576 ECCLESIAE
1167 521 1477 574 BVRDEGALENSIS

496 720 545 787 27.
570 705 627 770 Sic
644 723 702 786 per
719 701 868 768 Severini
887 703 1005 770 merita
1031 700 1148 766 civitas
1173 699 1368 765 tremefacta
1392 700 1604 766 imminentia
1628 700 1757 768 devitat

626 797 773 882 pericula
786 818 794 877 ;

497 901 546 961 28.
572 897 727 978 Impense
750 895 875 976 gaudet
899 893 1046 976 effugata
1073 893 1144 958 acie
1171 893 1343 958 barbarica
1367 893 1412 958 nil
1439 893 1639 958 discriminis
1665 905 1756 960 metu

626 991 729 1056 modo
745 1011 911 1074 perpessa.

497 1144 547 1205 29.
572 1124 603 1192 O
619 1123 827 1188 saeculorum
845 1123 1041 1186 Moderator
1060 1122 1221 1200 omnium,
1238 1122 1387 1188 Severini
1406 1131 1552 1204 precatu,
1570 1122 1649 1186 mali
1667 1123 1755 1188 luem

627 1239 728 1303 quam
745 1219 977 1283 contraximus
994 1219 1091 1282 dona.

499 1335 548 1400 30.
573 1318 626 1380 Ac
643 1315 820 1380 tentatoris
847 1324 918 1378 arte
943 1314 1058 1397 procul
1085 1313 1193 1379 iacula
1218 1313 1381 1397 iussisque
1406 1314 1488 1378 Tuis
1515 1323 1628 1378 nostra
1653 1316 1759 1380 subde

627 1413 737 1490 corda,
753 1421 790 1475 ut
807 1412 838 1474 in
857 1411 1056 1474 caelestibus
1074 1411 1165 1494 regni
1183 1411 1292 1474 vivere
1309 1429 1559 1494 promereamur
1575 1411 1659 1475 aula.

534 1572 729 1624 Manusorlt.
752 1567 867 1620 Parus:
887 1565 959 1620 Bibl.
975 1565 1054 1633 Nat,
1063 1565 1124 1632 871,
1139 1563 1239 1620 Missel
1253 1564 1288 1620 de
1301 1564 1460 1632 Bordeaux,
1475 1569 1520 1616 xve
1531 1561 1624 1630 siecle,
1644 1561 1686 1615 W.

533 1688 549 1742 3
568 1688 655 1727 coeca
670 1670 713 1726 W.
728 1669 917 1740 Burdegalen.
947 1668 1035 1723 nimia
1048 1678 1189 1740 presserat
1203 1667 1391 1738 Burdegalen.

533 1769 551 1820 4
569 1750 714 1823 percipere
732 1750 775 1803 W.
790 1748 977 1815 Burdegalen.
1011 1747 1144 1804 salutaria
1157 1759 1318 1804 meruerunt
1332 1747 1521 1818 Burdegrrlerr.

536 1850 548 1903 5
569 1830 741 1904 praesularis
754 1829 943 1900 Burdegalen.

534 1917 549 1970 8
569 1913 662 1968 reddit
675 1909 864 1980 Burdegalen.
879 1909 1019 1964 contraire
1030 1927 1065 1964 au
1075 1909 1194 1978 rythme.

518 1997 549 2050 18
570 1995 651 2050 Metu
663 2001 739 2047 rorat
759 1991 802 2046 W.
831 1990 1083 2060 iertBurdegalen.
1111 1989 1243 2044 omnibus
1262 1990 1305 2044 W.

514 2094 548 2148 29
568 2077 727 2136 saeclorum
744 2074 787 2129 W.

732 2207 814 2279 280.
847 2203 922 2276 DE
953 2203 1178 2277 SANCTO
1211 2203 1514 2278 EMILIANO.

804 2363 815 2408 1
1170 2345 1226 2410 Ad
1244 2365 1345 2430 opera
1362 2345 1534 2408 charitatis

542 2449 700 2514 Emiliani
718 2447 923 2511 extollamus
1216 2450 1392 2523 promptus
1408 2449 1479 2503 erat
1495 2439 1616 2503 omnia.

585 2545 686 2610 hodie
703 2543 882 2626 magnalia,
1435 2541 1454 2606 7

544 2641 648 2707 Cuius
664 2642 786 2705 devote
802 2637 951 2701 colamus
1131 2623 1218 2690 Cum
1235 2633 1347 2686 mutus
1358 2621 1524 2705 [quidam]
1537 2623 1758 2686 adduceretur

589 2737 707 2802 festiva
723 2734 909 2799 sollemnia,
1131 2721 1173 2784 ad
1195 2727 1348 2782 sanctum
1377 2717 1455 2796 Dei,
1478 2737 1538 2780 nec
1562 2717 1687 2799 aliquid
1714 2715 1760 2779 lo-

806 2839 824 2884 2
1597 2820 1763 2895 queretur,

546 2913 673 2996 Migrat
689 2919 825 2974 sanctus
843 2917 876 2974 et
891 2917 1045 2994 portatur
1221 2901 1365 2966 reddidit
1382 2900 1524 2984 eloquia

589 3010 631 3072 ad
648 3006 731 3070 caeli
748 3005 883 3089 palatia,
1132 2997 1167 3062 A
1183 2997 1330 3075 muliere,
1346 2998 1427 3061 dum
1444 3005 1654 3080 torqueretur

546 3105 684 3170 Etcum
701 3103 825 3166 sanctis
841 3099 1024 3164 collocatur
1134 3101 1235 3176 atque
1255 3092 1391 3174 gemino
1412 3092 1577 3156 daemone
1596 3089 1763 3153 obsidere·

588 3199 645 3263 ubi
663 3219 731 3280 pax
749 3206 782 3262 et
797 3195 913 3278 gloria.
1699 3185 1764 3254 ius·

729 3298 732 3302 ·
807 3301 824 3366 3
1221 3267 1317 3331 eiecit
1332 3266 1519 3329 daemonia.

545 3371 755 3439 Adolescens
771 3369 1009 3454 frequentabat
1439 3355 1458 3416 8

591 3469 733 3534 libenter
749 3466 880 3543 ieiunia,
1180 3449 1278 3512 Panis
1295 3449 1327 3512 in
1345 3448 1473 3532 lignum
1491 3457 1649 3524 mutatur,

551 3565 595 3628 Et
612 3564 794 3628 immunem
811 3581 847 3624 se
863 3561 1017 3624 servabat
1178 3567 1321 3630 cumque
1337 3546 1434 3629 panis
1451 3545 1649 3608 reformatur

592 3659 635 3722 ab
651 3658 743 3722 omni
760 3655 904 3721 lascivia.
1223 3652 1340 3724 patent
1357 3641 1522 3706 mirabilia
1537 3663 1545 3721 3

808 3763 830 3824 4
1182 3737 1290 3800 Intrat
1306 3736 1438 3800 furnum
1456 3755 1517 3799 nec
1534 3743 1700 3800 crematur

635 3832 732 3896 Felix
749 3831 920 3895 confessor
1178 3831 1237 3895 sed
1254 3830 1388 3894 illaesus
1404 3840 1620 3896 conservatur

552 3927 738 3996 Emilianus
754 3937 805 3993 est
821 3937 914 3990 ortus
1224 3925 1362 3992 divinali
1379 3925 1496 4009 gratia.

593 4024 713 4089 minori
731 4023 904 4088 Britannia
919 4043 927 4100 ;
1442 4031 1463 4091 9

638 4111 741 4175 Teste
756 4109 928 4194 scriptura,
1182 4101 1358 4184 Quaedam
1375 4103 1467 4164 venit
1483 4109 1674 4175 excaecata,

554 4206 771 4274 mediocrium
787 4215 837 4270 est
853 4215 945 4270 ortus
1183 4198 1255 4261 luce
1271 4207 1384 4262 tamen
1401 4205 1586 4262 restaurata

598 4313 774 4387 parentum
791 4301 954 4386 prosapia.
1228 4293 1384 4357 rediitad
1401 4291 1557 4375 propria;

818 4403 832 4470 5
1185 4389 1301 4453 Fontis
1318 4407 1433 4471 parere
1448 4397 1565 4472 parata

555 4479 658 4545 Cuius
675 4477 806 4542 animus
822 4475 973 4558 fulgebat
1185 4475 1332 4559 lympha,
1347 4477 1401 4540 via
1417 4485 1617 4559 permutata,

489 4581 492 4589 '
599 4573 702 4638 nobili
718 4572 917 4650 clementia3
1229 4580 1345 4635 sancto
1362 4571 1452 4636 venit
1468 4570 1575 4634 obvia.

512 4681 515 4686 ’
557 4669 762 4753 Pauperibus
779 4666 996 4750 impendebat
1440 4675 1479 4722 10

489 4805 493 4813 ·
601 4765 706 4830 multa
721 4761 890 4828 beneficia.
1187 4746 1330 4812 Cursum
1346 4746 1389 4810 de
1404 4745 1492 4808 valle
1509 4745 1651 4808 mutavit

818 4851 839 4914 6
1231 4861 1365 4906 currens
1380 4841 1424 4905 ad
1440 4840 1607 4904 contraria
1620 4860 1627 4918 ;

559 4941 715 5008 Necnon
732 4935 977 5002 misericordiae
1187 4937 1313 5002 Versus
1329 4945 1479 5002 montem
1496 4935 1681 5030 inundavit,

604 5035 752 5100 imbutus
768 5033 944 5118 flagrantia
1232 5044 1321 5098 recta
1338 5032 1452 5098 relicta
1467 5033 1529 5100 via.
1698 5023 1701 5030 ’
