4094 5796
649 517 791 572 mosas
813 519 1016 572 acctusrna
1041 518 1227 584 aovausrs
1525 519 1571 592 79

924 688 961 754 17

447 772 542 835 Haec
558 779 732 852 assumpta
748 788 809 832 nos
825 779 975 833 assumat
991 769 1024 832 in
1041 767 1142 832 caelis
1158 789 1234 832 cum
1253 769 1348 846 Filio,

443 877 480 930 ut
496 867 635 948 antiqua
650 867 698 928 sic
714 866 897 947 assumptis
913 865 1073 928 reddatur
1085 866 1261 947 possessio.

351 994 394 1033 ro
424 978 550 1033 salvatur
572 976 656 1030 Dim.
697 985 815 1030 sanatur
833 975 991 1030 Mursilr’en.
1024 981 1045 1030 d
1077 974 1199 1044 insignia
1216 976 1326 1045 Aquen.
1365 975 1476 1032 insania
1496 978 1572 1048 Lug·

315 1060 415 1114 dunen.
433 1071 510 1127 1510.

351 1154 399 1193 aa
428 1137 529 1192 invitat
542 1137 653 1205 Aquen.
667 1135 836 1206 Lugdunen.
851 1135 1011 1190 Massilien.
1042 1153 1060 1190 o
1092 1137 1130 1190 Et
1143 1138 1253 1207 Aquen.
1299 1138 1336 1192 ad
1359 1147 1475 1192 aeterna
1488 1137 1571 1193 Dien.

350 1224 400 1287 3b
431 1219 524 1287 Super
544 1232 645 1270 omnes
666 1216 760 1270 caelos
781 1216 958 1286 Lugdunen,
981 1233 1045 1271 vers
1065 1216 1139 1271 faux.
1176 1235 1193 1271 c
1225 1218 1416 1271 Homo-Deus
1435 1217 1518 1272 Dian.
1549 1223 1572 1273 d

316 1297 416 1353 Matris
426 1299 538 1367 Aquen.
551 1295 720 1365 Lugdunen.

348 1392 398 1444 4a
428 1376 606 1446 Adoptatum
629 1377 739 1444 Aquen.
765 1374 933 1444 Lugduncn.
976 1377 1052 1430 Nam
1076 1386 1206 1446 optatum
1229 1376 1390 1431 Massilien.
1426 1382 1448 1431 b
1479 1377 1574 1431 lumen

315 1459 425 1528 Aquen.
438 1455 608 1526 Lugdunen.
622 1454 783 1508 Massr'lien.
809 1454 848 1509 Le
858 1464 917 1509 mot
930 1457 1196 1526 reseraturappelle
1208 1457 1301 1510 limen.
1330 1475 1347 1511 o
1376 1473 1474 1512 sacrae
1488 1457 1572 1512 Dim.

349 1537 400 1592 oa
431 1535 489 1590 Hic
502 1535 585 1588 Dian.
618 1538 639 1588 d
671 1534 792 1588 sumitur
803 1535 914 1604 Aquen.
929 1535 1088 1589 Marsilr'en.

350 1629 365 1683 7
378 1616 396 1669 a
413 1627 443 1684 15
457 1624 614 1686 manquent
628 1613 701 1668 dans
713 1614 882 1684 Lugdunen.

349 1697 400 1750 8b
431 1695 544 1750 saecula
557 1694 727 1761 Massiliam,
741 1710 804 1748 vers
817 1693 889 1748 saux.
921 1711 938 1748 o
969 1693 1094 1747 solvetur
1106 1694 1190 1749 Dien.

354 1791 380 1830 11
397 1775 415 1829 a
431 1783 628 1844 17manquent
641 1773 714 1827 dans
727 1773 886 1827 Marsr'lien.
902 1775 948 1828 On
961 1773 1006 1827 n’a
1016 1791 1068 1844 pas
1079 1773 1203 1843 compris
1213 1775 1240 1828 le
1253 1773 1386 1844 parallelo
1399 1774 1485 1830 etabli
1496 1785 1575 1830 entre

315 1856 343 1910 la
354 1853 505 1910 naissance
519 1853 557 1908 du
572 1853 667 1908 Christ
684 1863 713 1907 et
726 1852 929 1924 l'Assomption
948 1853 985 1908 de
1005 1853 1044 1907 Sa
1056 1853 1135 1907 Mere
1151 1853 1198 1924 qui
1212 1871 1248 1908 en
1261 1865 1304 1908 est
1320 1855 1347 1908 la
1366 1853 1574 1926 contre-partie

353 1949 384 1989 12
397 1940 419 1989 d
450 1932 624 2005 captivitatis
637 1933 748 2002 Apum.
764 1933 803 1987 Le
816 1949 883 1987 sens
896 1942 924 1987 et
938 1934 964 1987 le
977 1933 1088 2002 rythme
1102 1933 1214 2002 exigent
1227 1932 1386 2006 captivatis.

354 2029 384 2083 13
399 2031 419 2069 a
451 2023 598 2084 reparatur
610 2013 722 2083 Aquen.
734 2011 886 2067 L'allusion
895 2012 1021 2084 biblique
1030 2011 1152 2067 reclama
1162 2023 1361 2083 praeparatur;
1386 2020 1407 2068 b
1432 2013 1576 2084 coloquin-

316 2093 382 2149 tidis
394 2095 505 2164 Apum.
517 2094 557 2148 La
567 2092 638 2147 rime
646 2093 727 2162 exige
735 2092 944 2162 coloquintinis.
961 2093 1000 2148 Le
1010 2103 1070 2147 mot
1083 2092 1184 2147 italien
1194 2103 1222 2148 et
1233 2094 1381 2163 Espagnol
1390 2105 1434 2150 est
1444 2103 1577 2164 pourtant

318 2173 518 2244 coloquintida.

354 2267 419 2320 tua
449 2251 542 2322 tetigit
557 2251 640 2306 Dran.

354 2337 416 2395 150
445 2325 552 2394 regitur
565 2322 733 2393 lugdunen.

353 2407 420 2460 161)
451 2404 561 2460 reduxit
574 2403 657 2458 Dian.

354 2499 384 2552 17
398 2489 420 2540 b
451 2483 493 2540 sic
506 2494 655 2553 assumpta
667 2483 778 2552 Aquen.
792 2482 954 2537 Massilien.

637 2610 694 2682 54.
727 2588 802 2662 os
832 2587 871 2662 s,
905 2586 1272 2662 ursaonruo

624 2723 637 2770 1
946 2706 999 2769 Tu
1016 2706 1147 2769 leonem
1163 2707 1350 2769 sauciatum

317 2796 401 2874 Ave,
416 2815 546 2859 sacrum
564 2795 675 2858 lumen
692 2795 828 2872 clarum,
946 2803 1004 2885 qui
1020 2803 1146 2864 sanasti
1163 2801 1394 2881 humanatum,

318 2890 481 2957 lucidator
498 2890 755 2974 Scripturarum,
987 2917 1070 2960 sana
1086 2917 1147 2960 nos
1163 2917 1183 2960 a
1199 2898 1347 2963 crimine.

363 2988 573 3070 Hieronyme
589 2984 727 3068 inclyte,
1253 3015 1268 3082 5

319 3084 445 3148 Ianitor
461 3081 722 3157 catholicorum,
946 3105 999 3170 Tu
1016 3115 1177 3188 purgator
1193 3107 1359 3185 vitiorum,

317 3179 421 3243 Vitam
438 3189 533 3242 tenes
549 3177 781 3285 perlectorum,
948 3203 1190 3284 malleatorque
1206 3202 1448 3270 haereticorum

360 3272 677 3338 odocrorexrmre.
992 3307 1029 3362 tu
1045 3297 1135 3361 suisti
1153 3298 1288 3381 optime.

352 3457 360 3472 ,
623 3383 640 3429 ²
951 3392 1068 3458 Procul
1085 3391 1171 3475 pelle
1187 3411 1289 3456 omne
1306 3393 1431 3458 malum

321 3457 488 3538 Linguam
501 3453 664 3519 Graecam
677 3462 711 3517 et
724 3453 917 3518 Hebraeam
951 3489 1065 3554 dando
1081 3489 1178 3553 nobis
1194 3489 1290 3553 iubar
1305 3489 1431 3554 clarum

318 3562 354 3617 tu
372 3551 495 3616 lulcisti
512 3559 545 3614 et
562 3549 747 3616 Caldaeam

360 3655 560 3728 caeteraque
575 3646 686 3709 studia
700 3669 707 3709 :

316 3743 500 3827 (Quicquid
519 3743 551 3804 in
568 3761 698 3805 canone
714 3743 817 3806 scitur

317 3849 350 3903 et
366 3839 412 3902 sic
427 3856 528 3900 omne
544 3838 635 3919 quod
653 3837 817 3920 hauritur)

995 3587 1028 3649 in
1046 3594 1161 3648 nostro
1177 3595 1318 3668 pectore.

1253 3699 1274 3762 6

951 3803 1044 3866 Iesus
1062 3801 1216 3868 Christus
1232 3811 1323 3866 totus
1339 3803 1447 3868 laetus

949 3899 992 3964 ab
1008 3898 1136 3981 angelis
1152 3899 1412 3980 circumspectus

993 3996 1053 4060 tibi
1070 3998 1179 4079 pergit
1195 3996 1338 4062 obviam.

361 3933 463 3998 corda
479 3933 660 4015 irrigantia,

318 4117 371 4182 Tu
388 4115 480 4182 suisti
496 4117 553 4199 qui
571 4047 705 4194 dedisti,
951 4092 1049 4156 Nunc
1065 4112 1146 4176 ergo
1162 4101 1238 4156 tuos
1255 4093 1397 4158 devotos

318 4213 471 4278 lucidasti
488 4223 521 4276 et
537 4211 664 4294 fregisti
951 4189 1197 4265 recommenda,
1215 4189 1301 4266 Iesu,
1316 4189 1422 4255 laetos

361 4309 476 4373 divino
493 4329 638 4373 munere,
995 4284 1060 4347 duc
1074 4305 1132 4348 eos
1148 4285 1191 4348 ad
1209 4287 1360 4366 patriam.

319 4404 533 4488 Augustinus
550 4407 592 4469 de
609 4415 642 4468 te
659 4405 747 4469 latur
1257 4407 1276 4472 7

318 4503 482 4586 quidquid
500 4501 608 4566 latens
624 4503 798 4567 dubitatur
952 4495 1092 4560 Cessent
1108 4504 1228 4577 pestes,
1245 4496 1370 4562 vadant
1387 4499 1463 4578 irae,

362 4619 460 4682 posse
476 4618 536 4681 per
551 4608 585 4662 te
600 4599 738 4664 solvere,
951 4591 1072 4654 cedant
1088 4589 1204 4666 sames,
1220 4601 1254 4655 et
1271 4592 1390 4674 largire

603 4715 625 4773 4
995 4687 1086 4750 dona
1102 4688 1355 4753 sanctimoniae.

322 4780 373 4844 Tu
386 4801 421 4845 es
437 4782 523 4845 alter
539 4783 588 4845 vir
605 4781 767 4864 Baptista,
954 4781 1074 4845 Pacem
1092 4783 1191 4860 intus,
1208 4801 1325 4865 pacem
1343 4795 1449 4864 extra,

322 4877 421 4961 virgo,
436 4881 565 4956 doctor,
581 4879 752 4955 heremita,
955 4879 1120 4942 unitatem
1137 4879 1234 4942 nobis
1250 4889 1381 4962 praesta

365 4985 493 5059 martyr
509 4975 581 5037 sine
597 4974 760 5056 sanguine
774 4996 781 5052 ;
998 4994 1086 5038 nunc
1103 4984 1136 5037 et
1152 4975 1244 5038 omni
1261 4984 1422 5058 tempore.
