4102 5792
649 509 792 562 PROSAE
820 511 1025 566 ECCLESIAE
1053 515 1295 568 REDONENSIS

1531 521 1605 590 449

537 746 619 834 316.
652 740 727 814 DE
757 740 795 814 S.
821 740 1090 816 IOHANNE
1124 744 1409 820 BAPTISTA.

649 977 660 1020 1

388 1099 427 1161 In
444 1094 618 1180 praeconis
636 1103 669 1158 et
685 1094 853 1176 baptistae

381 1193 595 1276 expendatur
612 1191 684 1254 dies
701 1190 763 1253 iste

426 1287 608 1352 reverendo
625 1287 761 1368 gaudio,

384 1387 432 1451 Ut
448 1385 610 1448 sanctitas
627 1381 803 1446 attollatur

386 1482 557 1557 Iohannis,
574 1488 607 1542 et
624 1479 849 1542 confundatur

430 1577 577 1642 Herodis
594 1576 832 1658 praesumptio

646 1731 663 1776 2

386 1853 489 1917 Venit
504 1851 593 1914 enim
612 1850 712 1932 plena
730 1851 826 1913 malis

387 1949 533 2013 Herodis
550 1947 622 2011 dies
639 1946 761 2010 natalis

384 2065 449 2126 qua
467 2062 625 2125 magnam
643 2061 782 2104 coenam
800 2043 952 2124 paravit;

385 2139 461 2222 Qua
481 2138 686 2202 Herodiadis
703 2148 782 2200 nata

383 2235 519 2298 diabolo
536 2233 666 2316 agitata

384 2331 518 2413 placens
534 2327 691 2393 omnibus
707 2327 851 2393 saltavit,

647 2481 664 2544 3

385 2603 447 2670 Cui
464 2624 524 2668 rex
540 2604 609 2668 ait:
625 2601 731 2666 “Tibi
747 2601 846 2680 dabo,

385 2720 444 2763 nec
461 2699 662 2782 promissum
681 2699 868 2774 retardab0,

384 2797 473 2878 quod
490 2795 635 2859 volueris
652 2803 763 2876 petere
778 2817 786 2872 ;
802 2793 817 2820 ¹'

384 2892 479 2955 Tunc
496 2901 631 2974 propter
653 2890 881 2953 Herodiadem

386 2989 552 3052 lohannes
569 2987 623 3050 die
639 2987 756 3049 eadem

382 3085 558 3149 tenebatur
574 3085 606 3147 in
624 3103 762 3147 carcere.

642 3240 663 3300 4

384 3359 478 3422 Haec
494 3377 513 3420 a
531 3365 637 3420 matre
654 3357 801 3432 incitata,

381 3458 561 3540 sponsione
577 3456 638 3518 sibi
655 3456 735 3518 data

381 3554 470 3635 quod
488 3553 626 3616 haberet
643 3553 733 3634 quod
751 3561 888 3633 peteret,

383 3649 459 3713 Non
478 3657 631 3712 metuens
647 3647 755 3710 scelus
771 3648 866 3710 triste

382 3746 451 3828 regi
467 3746 556 3809 dixit
572 3747 662 3827 quod
683 3745 855 3826 Baptistae
919 3793 922 3801 r

342 3847 344 3853 '
425 3851 526 3923 caput
543 3840 606 3903 sibi
623 3841 778 3903 traderet.

1278 975 1293 1040 5

1020 1096 1097 1158 Rex
1114 1095 1158 1158 ob
1174 1095 1237 1158 hoc
1255 1105 1366 1159 mente
1383 1097 1532 1174 laetatur,

1016 1193 1074 1254 sed
1094 1190 1168 1254 ficte
1186 1192 1277 1254 vultu
1295 1193 1445 1255 tristatur

1061 1307 1173 1350 coram
1191 1288 1479 1352 discumbentibus
1493 1311 1501 1368 ;

1017 1383 1119 1446 Iussit
1136 1393 1250 1446 tamen
1266 1383 1424 1447 decollari

1018 1489 1170 1542 sanctum
1188 1489 1221 1542 et
1238 1480 1369 1562 puellae
1386 1483 1457 1545 dari

1061 1585 1161 1658 caput
1177 1596 1289 1639 coram
1307 1579 1472 1642 omnibus.

1277 1714 1298 1774 6

1017 1849 1208 1931 Spiculator
1223 1849 1392 1926 saltatrici,

1017 1946 1172 2008 saltatrix
1189 1946 1247 2008 dat
1263 1947 1416 2028 genitrici

1062 2049 1162 2122 caput
1178 2043 1267 2122 quod
1285 2042 1331 2103 sic
1348 2041 1464 2104 habuit
1480 2067 1487 2124 ;

1017 2137 1114 2213 Proh,
1132 2136 1296 2214 Herodes
1311 2158 1412 2219 quam
1433 2139 1601 2202 obscoena

1016 2242 1066 2294 est
1083 2232 1131 2294 tui
1149 2231 1270 2294 natalis
1285 2253 1390 2296 coena

1057 2347 1143 2410 quac
1159 2328 1322 2408 sanguine
1339 2329 1467 2392 maduit
1484 2331 1490 2392 l

1276 2480 1295 2543 7

1016 2601 1146 2685 Corpus
1162 2613 1275 2667 tamen
1294 2603 1481 2668 auferentes

1015 2695 1129 2761 fideles
1145 2707 1179 2761 et
1194 2700 1390 2762 condientes

1014 2795 1135 2858 devote
1151 2794 1352 2877 sepelierunt
1365 2817 1373 2874 ;

1016 2890 1083 2954 Sed
1101 2901 1217 2972 postea
1234 2891 1328 2972 plebs
1345 2891 1475 2954 funesta

1014 3006 1056 3048 ne
1073 2985 1188 3048 fierent
1204 2987 1310 3049 sancti
1328 2987 1412 3050 sesta

1013 3102 1089 3144 ossa
1105 3103 1163 3164 per
1179 3104 1277 3164 agros
1293 3094 1493 3165 sparserunt.

1275 3221 1293 3282 8

1011 3355 1069 3417 Ab
1089 3355 1209 3417 Edissa
1226 3356 1360 3418 civitate

1012 3464 1123 3536 caput,
1140 3454 1204 3516 Dei
1221 3453 1403 3530 voluntate,

1014 3561 1183 3632 receptum
1201 3561 1251 3612 est
1268 3562 1301 3614 et
1317 3551 1512 3628 conditum;

1015 3647 1060 3710 Et
1077 3647 1219 3727 digitum
1237 3667 1304 3728 quo
1322 3647 1519 3712 monstravit

1015 3743 1196 3819 Christum,
1213 3743 1363 3806 illaesum
1380 3746 1524 3810 servavit

1058 3839 1260 3902 ostensionis
1277 3839 1440 3904 meritum.

709 4093 740 4158 O
758 4113 961 4176 praecursor,
977 4093 1197 4174 praeconista,

708 4189 851 4267 lucerna,
868 4197 1004 4271 martyr,
1020 4189 1177 4270 baptista,

752 4307 813 4368 pro
830 4287 926 4350 nobis
943 4286 1106 4368 propitius

708 4381 777 4446 Ora
795 4381 905 4444 Deum
923 4389 956 4444 et
973 4380 1125 4463 implora,

707 4486 744 4540 ut
761 4497 821 4539 nos
838 4475 948 4540 trahat
965 4477 1082 4539 mortis
1099 4477 1179 4540 hora

751 4571 794 4636 ab
811 4573 879 4634 imo
895 4572 1054 4654 superius.

376 4765 569 4816 Manuscrtt.
595 4760 691 4813 Pnkls
706 4777 712 4814 ε
734 4759 806 4814 Bibl.
821 4761 898 4828 Nat,
916 4758 992 4828 1098,
1007 4758 1106 4812 Missel
1119 4759 1155 4813 de
1170 4760 1292 4827 Rennes‚
1306 4759 1465 4827 xiv⁸sidcle‚
1486 4761 1516 4814 Y.

377 4924 419 4986 31
450 4918 478 4972 in
492 4935 617 4988 manque
630 4917 703 4972 dans
722 4917 752 4973 ll,

377 4997 426 5052 8a
456 4998 502 5054 Ad
516 4997 650 5052 Edissam
663 4995 807 5054 civitatem
828 4999 857 5052 l'.
889 5015 906 5052 c
934 5007 1074 5068 repertum
1088 5007 1131 5052 est
1145 4997 1281 5054 Redonen.
