4102 5792
486 518 629 570 PROSAE
657 519 860 571 ECCLESIAE
887 520 916 570 S.
937 519 1126 570 STEPHANI
1155 517 1399 570 DIVIONENSIS
1502 516 1574 588 435

573 733 655 820 306.
689 727 763 801 DE
794 726 1019 802 SANCTO
1051 726 1322 802 BENlGNO.

628 981 639 1026 ¹
1255 978 1273 1042 3

320 1073 526 1140 Collaetetur
542 1073 649 1140 fidelis
664 1075 790 1152 concio,
972 1066 1175 1149 Polycarpus
1191 1066 1234 1130 de
1250 1065 1343 1130 caelo
1360 1065 1507 1128 monitus

320 1189 397 1233 nam
414 1169 562 1234 reclusae
570 1170 742 1253 quondam
760 1169 823 1234 sub
833 1170 947 1234 modio
969 1163 1148 1228 destinavit
1165 1161 1254 1225 hunc
1269 1161 1322 1225 hic
1339 1161 1533 1244 antiquitus,

407 1264 548 1348 Benigni
565 1265 724 1349 reliquiae
972 1269 1008 1324 ut
1024 1259 1188 1324 culturam
1205 1258 1336 1321 deserat
1353 1257 1487 1340 penitus

405 1370 605 1424 venerantur
620 1361 722 1426 hodie
735 1383 743 1440 ;
1123 1353 1288 1418 idolorum
1303 1375 1311 1430 ;

321 1455 561 1520 Laetabundus
577 1457 725 1522 exsultet
742 1456 843 1522 Divio
973 1452 1063 1514 Dum
1080 1449 1143 1512 hoc
1159 1448 1230 1531 agit
1247 1459 1373 1531 martyr
1388 1447 1558 1524 sollicitus,

320 1571 396 1615 nam
415 1551 558 1634 Benigni
575 1551 658 1616 felix
674 1554 789 1636 opinio
972 1553 1148 1609 catenatur
1163 1543 1307 1626 ducique
1324 1543 1466 1607 traditus

406 1646 509 1711 crevit
525 1645 705 1712 multifarie
768 1657 772 1664 '
973 1641 1212 1705 blandimentis
1228 1638 1381 1721 pulsatur
1397 1639 1551 1722 primitus

405 1763 464 1828 per
480 1753 592 1827 partes
610 1744 832 1832 Burgundiae.
1126 1735 1375 1817 promissorum.

623 1865 642 1912 2

323 1951 426 2016 Venit
442 1953 514 2015 dies
530 1959 564 2016 et
579 1959 713 2034 tempus
729 1950 837 2016 adfuit
1255 1914 1278 1974 4

321 2068 388 2130 quo
404 2047 457 2111 hic
474 2057 609 2112 sanctus
625 2058 661 2112 ut
672 2047 721 2111 sol
735 2047 949 2130 resplenduit,
973 2046 1040 2112 Sed
1054 2047 1220 2130 despectis
1231 2047 1402 2131 promissis
1414 2047 1580 2126 omnibus¹

322 2144 378 2226 qui
392 2143 596 2227 quandoque
611 2163 706 2207 suam
726 2143 892 2207 continuit
973 2143 1071 2207 nudis
1087 2142 1226 2226 plumbo
1241 2142 1393 2226 perfusus
1414 2143 1565 2226 pedibus,

494 2237 679 2302 claritatem
693 2260 701 2318 ;
970 2239 1182 2302 devorandus
1198 2237 1351 2302 nefandis
1367 2237 1505 2302 canibus

322 2332 354 2396 N
358 2353 420 2398 unc
436 2334 621 2416 praecisum
639 2332 767 2416 lignum
784 2353 877 2416 spem
891 2333 945 2396 ha·
1123 2333 1321 2413 exhibetur;
1515 2340 1517 2344 ’

868 2429 949 2508 buit,
972 2429 1165 2512 Digitorum
1182 2429 1245 2494 sub
1260 2429 1356 2493 denis
1372 2429 1541 2512 unguibus

321 2545 452 2590 comam
470 2524 548 2589 iecit
564 2535 597 2588 et
614 2543 742 2589 rursum
760 2523 880 2600 floruit,
970 2533 1209 2608 contorquetur
1225 2523 1340 2608 ignitis
1356 2525 1506 2602 sudibus,

322 2621 402 2685 dum
419 2621 565 2704 aegrotis
581 2619 695 2684 multis
710 2619 855 2686 restituit
971 2621 1030 2684 sed
1047 2639 1258 2703 nequaquam
1270 2619 1376 2685 iustus
1388 2641 1449 2704 pro
1459 2619 1582 2686 talibus

496 2717 687 2784 sanitatem.
1124 2723 1364 2780 commovetur.

932 2831 947 2898 5

644 2939 728 3003 Bina
745 2937 807 3003 iuit
823 2937 993 3022 perfossus
1009 2938 1136 3016 lancea,

642 3045 743 3118 caput
760 3035 852 3117 virga
868 3053 1061 3117 percussum
1080 3033 1193 3110 ferrea,

642 3129 705 3214 [in]
721 3150 789 3214 quo
804 3131 970 3214 quaedam
986 3129 1142 3195 columba
1153 3131 1250 3195 nivea

794 3227 958 3311 prosilivit
973 3249 982 3308 ;

642 3322 699 3389 Sic
715 3322 930 3401 frumentum,
945 3323 1086 3406 depulsa
1102 3321 1211 3405 palea,

644 3419 793 3484 Paradisi
810 3419 913 3483 fertur
928 3420 961 3484 in
977 3418 1106 3496 horrea,

642 3515 686 3580 ad
697 3535 783 3598 quae
793 3516 895 3580 ducat
905 3514 1125 3581 nosChristus
1135 3523 1253 3598 postea

794 3631 870 3676 cum
892 3610 971 3692 Quo
986 3611 1076 3676 vivit.

361 3804 555 3936 Haknprsqsrlt.
569 3800 681 3856 Palus:
696 3797 768 3853 Bibl.
779 3799 855 3866 Nat,
864 3798 925 3867 879,
935 3798 1035 3853 Missel
1046 3797 1082 3853 de
1090 3798 1195 3868 l’eglise
1207 3782 1425 3853 Saintliltienne
1435 3797 1470 3852 de
1485 3799 1582 3868 Dijon,

325 3879 403 3936 xv⁸si
422 3896 475 3949 ce,
512 3921 519 3936 .

360 4021 406 4077 3ο
436 4008 548 4066 deseret
560 4009 591 4064 S.

359 4092 411 4153 sb
441 4088 524 4144 undis
540 4086 705 4164 ...perfusis
718 4087 749 4142 S.

362 4179 406 4234 50
436 4167 465 4223 in
485 4183 608 4238 manque
622 4168 652 4222 S.
