4108 5794
487 471 558 545 218
788 483 931 536 mosne
958 484 1162 538 occursura
1189 483 1427 538 seuouausrs

496 683 498 688 '
518 689 534 745 3
549 681 572 731 b
603 674 756 746 gentilibus
768 675 827 730 SE.
837 675 984 742 Senam,
995 671 1046 728 fait
1058 689 1096 726 un
1110 689 1175 728 vers
1184 673 1249 729 saux
1261 693 1267 740 ;
1280 673 1414 745 gentitus
1424 673 1567 744 s'impose.

421 777 423 784 ·
517 771 570 823 4⁸
600 755 711 811 lacibus
729 756 865 810 Senonen.
895 771 912 809 e
939 752 1037 808 dedita
1049 753 1186 808 Senonen.

519 849 566 905 sa
602 836 671 891 data
695 836 807 907 populis
834 836 893 890 SE.
925 839 947 887 b
976 833 1109 888 clientela
1125 834 1263 904 praesulis
1277 833 1336 888 SE.
1372 835 1428 890 Ces
1448 834 1522 889 deux
1538 833 1681 890 variantes
1705 850 1742 889 ne

485 925 549 971 sont
564 932 617 986 pas
628 917 691 987 plus
701 916 803 972 claires
816 932 871 988 que
885 915 911 972 le
924 925 999 970 texte
1011 914 1060 985 qui
1072 923 1115 970 est
1129 914 1183 970 sort
1197 914 1308 969 obscur.

794 1210 876 1297 146.
908 1201 984 1276 DE
1016 1201 1203 1278 BEATA
1233 1201 1430 1277 MARIA.

791 1456 803 1501 1

533 1567 685 1633 Verbum
703 1588 843 1633 manens
856 1571 899 1636 ab
914 1579 1052 1635 aeterno

528 1665 619 1748 apud
639 1667 783 1742 Patrem,
793 1686 837 1730 ex
855 1675 1008 1731 materno

572 1781 707 1824 carnem
725 1763 869 1844 sumpsit
885 1773 988 1828 uteru.

532 1857 595 1920 Est
612 1876 656 1920 ex
675 1857 785 1922 Matre
801 1857 909 1922 lactus
927 1859 1031 1939 Deus,

530 1952 704 2017 erubescat
720 1955 770 2017 vir
788 1954 943 2033 Iudaeus,

574 2048 693 2114 infelix
709 2050 751 2114 de
768 2060 908 2118 caetero.

791 2199 809 2244 2

532 2307 638 2374 Rivus
654 2308 782 2374 sontem
800 2309 876 2374 alvo
891 2309 996 2392 gessit

531 2415 564 2469 et
581 2427 625 2470 ex
641 2405 719 2468 alvo
735 2404 811 2469 lons
826 2408 988 2488 processit

574 2499 755 2584 purificans
770 2503 886 2567 omnia
905 2523 912 2582 ;

530 2597 643 2676 Terra,
659 2607 793 2681 pontus,
808 2607 906 2676 astra,
926 2601 1070 2664 mundus

533 2703 735 2758 renovantur
750 2703 784 2758 et
801 2693 837 2758 lit
854 2696 999 2760 mundus

577 2791 676 2854 miser
692 2812 711 2855 a
730 2791 869 2859 miseria.

1419 1454 1436 1518 3

1162 1569 1275 1634 Archa
1291 1569 1368 1634 novi
1384 1568 1587 1646 testamenti,

1162 1667 1195 1730 in
1212 1687 1279 1750 qua
1295 1665 1399 1729 nostri
1415 1663 1615 1729 sacramenti

1204 1763 1396 1826 continetur
1411 1761 1533 1825 veritas
1549 1782 1556 1838 ;

1162 1859 1234 1924 Vas
1251 1857 1414 1941 repletum
1431 1858 1510 1920 vino
1526 1876 1627 1934 mero,

1161 1955 1246 2019 cella
1262 1953 1362 2040 plena
1378 1973 1465 2037 pane
1481 1973 1569 2032 vere,

1205 2049 1267 2114 sub
1283 2071 1351 2133 quo
1367 2049 1448 2114 latet
1466 2049 1593 2114 Deitas.
1616 2095 1617 2100 η

1419 2199 1442 2259 4
1495 2173 1499 2188 .

1162 2309 1334 2394 Quidquid
1352 2307 1431 2372 boni
1448 2315 1559 2392 potest
1572 2325 1645 2370 esse

1161 2404 1286 2488 profert
1302 2404 1516 2487 virgO,·virga
1534 2403 1632 2480 Iesse,

1204 2502 1342 2584 quando
1358 2501 1445 2584 parit
1463 2500 1585 2563 Filium
1600 2521 1607 2579 ;

1161 2598 1267 2663 Lacte
1280 2597 1388 2680 pascit
1405 2595 1614 2661 Salvatorem

1161 2695 1268 2776 Virgo
1284 2702 1364 2756 nata
1381 2691 1586 2771 Genitorem,

1208 2790 1401 2855 Creatorem
1419 2789 1580 2852 omnium.

907 3013 1109 3075 Miserorum
1128 3009 1318 3074 miseratrix

908 3117 942 3172 et
958 3107 1126 3191 lapsorum
1144 3105 1341 3189 reparatrix,

954 3223 1027 3267 reos
1044 3201 1228 3266 reconcilia.

911 3300 969 3364 Pia
985 3308 1092 3363 mater
1108 3299 1199 3382 pium
1218 3299 1346 3363 Natum

908 3395 1006 3481 placa
1022 3394 1128 3472 nobis,
1145 3405 1182 3459 ut
1197 3404 1351 3478 paratum
1468 3429 1470 3436 ·

948 3494 1007 3556 det
1023 3511 1161 3575 regnum
1181 3491 1213 3554 in
1230 3491 1346 3573 gloria.

529 3636 727 3687 Manuscrlt.
749 3632 1000 3686 MONTPELLOER:
1022 3629 1095 3683 Bibl.
1118 3627 1154 3682 de
1178 3613 1287 3684 l’Ecole
1310 3629 1346 3684 de
1361 3629 1520 3698 Medecine,
1535 3643 1577 3700 71,
1592 3629 1692 3685 Missel
1714 3630 1751 3685 de

496 3715 577 3781 Sens,
591 3711 708 3766 xiv‘·xv⁶
719 3709 813 3781 siecle,
826 3711 896 3766 MR.
1422 3731 1426 3739 ¹

527 3845 571 3894 at
601 3838 705 3894 misera
717 3839 788 3894 MR.

529 3925 610 3989 sab
639 3919 992 3990 miseratur...reparatur
1005 3918 1076 3973 MR.
1107 3935 1125 3974 e
1148 3917 1308 3973 reconsiliat
1322 3917 1393 3972 MR.

754 4187 834 4264 147.
873 4169 949 4243 DE
979 4167 1203 4244 SANCTO
1231 4169 1493 4244 CLAVDlO.

800 4395 812 4442 1

534 4499 718 4564 Iubilemus
734 4501 953 4576 exsultantes,

532 4617 598 4673 ore,
613 4598 713 4660 corde
730 4609 956 4679 personantes,

577 4713 791 4776 magnacum
809 4695 946 4771 laetitia,

533 4788 724 4854 Oscitemus
739 4791 992 4872 applaudentes,

532 4907 552 4948 a
568 4905 671 4968 puero
687 4887 884 4951 inchoantes

578 4981 708 5054 Claudii
726 4984 894 5052 miracula.

1428 4393 1445 4438 2

1166 4501 1232 4565 Hic
1249 4502 1281 4564 in
1299 4501 1393 4564 cunis
1409 4500 1518 4564 adhuc
1535 4501 1655 4577 iacens,

1163 4598 1254 4661 velut
1271 4597 1405 4663 Christo
1421 4606 1512 4661 totus
1529 4617 1668 4660 nascens

1206 4694 1268 4758 lert
1284 4696 1380 4777 signa
1397 4693 1583 4758 sanctitatis
1600 4717 1606 4772 ;

1166 4791 1392 4873 Amplexatur
1407 4790 1601 4854 adolescens

1163 4888 1329 4969 terrigena
1346 4888 1583 4969 pertimescens

1207 4985 1343 5052 semitas
1359 4985 1544 5070 aequitatis.
