4096 5794
630 513 772 565 PROSAE
801 513 1003 564 ECCLESIAE
1031 513 1277 564 EBROICENSIS
1513 511 1580 583 511

937 707 975 754 10

497 839 708 922 Angelorum
725 847 803 904 sunt
819 838 955 920 agmina
970 836 1047 901 huic
1063 836 1255 914 obviantia;

499 933 604 998 Facta
620 954 733 998 comes
748 932 936 1015 gratulatur
950 930 1117 995 caelorum
1136 930 1261 994 militia.

937 1082 970 1128 ll

784 1193 985 1268 Exoramus,
1003 1191 1034 1256 Ο
1051 1191 1196 1273 benigne

782 1288 843 1352 tibi
860 1287 1061 1373 famulantes
1076 1289 1178 1370 digne

827 1383 951 1447 Iacobe
968 1381 1135 1465 suffragia,

783 1479 869 1544 Cum
887 1499 1039 1542 occurres
1056 1477 1202 1542 iudicare

783 1574 946 1638 mundum
963 1583 996 1638 et
1013 1593 1088 1636 curn
1107 1572 1241 1638 Christo
1257 1575 1335 1638 dare

828 1667 983 1734 fidelibus
999 1669 1147 1752 praemia
1167 1692 1173 1731 :

940 1827 976 1872 12

791 1939 824 2002 A
841 1940 987 2020 peccatis
1004 1959 1064 2002 nos
1080 1960 1206 2004 excusa

601 2037 794 2101 indistincte
810 2037 996 2100 iudicantes
1012 2038 1208 2118 praesentia,

794 2133 844 2199 Ut
859 2135 969 2198 vocati
985 2153 1061 2198 cum
1078 2135 1192 2198 electis

602 2232 759 2314 paradiso
775 2232 992 2294 decantemus
1008 2255 1014 2292 :
1033 2228 1187 2295 Alleluia.

943 2378 978 2440 13

504 2490 636 2558 Christe
654 2494 739 2571 Iesu,
756 2513 816 2557 nos
833 2494 957 2557 exaudi
977 2493 1089 2557 lacobi
1106 2493 1179 2576 [per
1195 2495 1328 2576 merita]

507 2589 551 2652 Et
567 2610 629 2652 nos
645 2589 772 2652 Tecum
791 2588 953 2652 collocare
969 2588 1116 2671 digneris
1133 2589 1165 2652 in
1182 2589 1297 2672 gloria.

367 2770 559 2820 manuscrit.
584 2749 735 2819 evreux:
758 2764 858 2819 Musee
871 2764 907 2819 de
920 2765 947 2820 la
960 2763 1043 2834 Ville,
1056 2779 1099 2834 99,
1113 2765 1213 2820 Missel
1227 2751 1375 2837 d'livreux,
1387 2769 1486 2838 (ayant
1499 2778 1591 2824 autre·

330 2843 386 2899 tois
398 2854 556 2915 appartenu
569 2843 586 2897 a
600 2844 691 2899 Raoul
702 2843 741 2898 du
755 2842 836 2912 Fon),
848 2849 894 2897 xv·
903 2842 996 2913 siecle,
1008 2844 1037 2897 E
1042 2844 1070 2898 V.

350 2998 381 3052 ¹3
394 2999 414 3038 a
446 2982 551 3039 Christi
564 2983 594 3037 E
600 2984 627 3038 V.
645 2984 788 3038 Ebror'crn.
811 2983 907 3038 lacobi
918 2983 1109 3054 praeconiaE
1114 2985 1143 3039 V.
1154 2983 1297 3040 Ebroicen.
1307 2985 1403 3040 n’offre
1412 3001 1504 3042 aucun
1515 3003 1581 3042 sens

526 3313 607 3398 3⁶7.
641 3306 715 3380 ns
747 3306 816 3380 ss.
839 3306 1033 3382 nssnon
1069 3307 1142 3380 ET
1170 3264 1406 3383 sennes]

641 3605 652 3650 ¹
1270 3607 1286 3669 3

375 3729 497 3792 Manus
514 3725 655 3806 linguae,
671 3724 785 3807 lingua
801 3726 893 3790 cordi
1005 3727 1072 3789 Diu
1091 3727 1166 3790 Deo
1182 3727 1240 3789 sed
1257 3727 1426 3792 occultum

375 3825 420 3889 sic
437 3822 617 3888 concordet
634 3829 670 3885 ut
686 3819 843 3885 concordi
1006 3821 1140 3886 solvunt
1157 3822 1211 3886 isti
1228 3823 1296 3886 duo
1312 3824 1440 3888 cultum

418 3922 490 3985 laus
507 3927 661 4000 erumpat
678 3917 815 3980 modulo
831 3937 838 3994 ;
1051 3915 1127 3981 fidei
1144 3918 1329 3982 catholicae
1343 3942 1350 3997 ;

376 4017 527 4081 Laudem
544 4011 681 4096 pulchre
698 4011 813 4095 lingua
829 4013 946 4095 pangit
1007 4013 1073 4078 Sed
1091 4033 1167 4076 cum
1186 4023 1319 4096 tempus
1335 4026 1562 4098 opportunum

374 4133 451 4178 curn
467 4128 655 4175 sermonem
672 4128 757 4191 opus
773 4109 882 4192 tangit
1007 4110 1123 4191 poscit,
1141 4109 1251 4172 Deum
1269 4111 1393 4174 trinum
1411 4133 1524 4192 unum,

418 4217 531 4274 castae
548 4204 669 4270 mentis
685 4205 807 4269 osculo.
1049 4202 1247 4288 profitentur
1262 4205 1406 4289 publice.

637 4360 656 4406 ²
1267 4361 1290 4420 4

376 4487 466 4565 Vita,
480 4506 572 4562 voce,
588 4493 667 4548 voto
683 4483 813 4566 plaudit
1007 4482 1083 4545 Hoc
1100 4500 1165 4545 non
1184 4481 1292 4546 serens
1308 4503 1442 4565 praeses
1459 4483 1537 4550 furit

376 4585 432 4668 qui
449 4585 592 4648 devotus
608 4580 733 4645 Abdon
751 4581 845 4644 audit
1009 4586 1165 4660 praesens
1182 4579 1276 4642 cuius
1293 4588 1441 4644 mentem
1459 4580 1524 4647 urit

420 4689 454 4745 et
470 4679 601 4746 Sennes
618 4676 762 4759 insignia
778 4700 785 4752 ;
1052 4673 1142 4738 zelus
1158 4673 1335 4740 idolatriae
1351 4697 1359 4754 ;

380 4775 426 4840 Hi
443 4785 520 4839 sunt
536 4774 596 4837 viri
613 4772 683 4835 vita
698 4790 838 4854 quorum
1009 4767 1141 4834 Ambos
1157 4769 1278 4853 pulsat,
1293 4779 1410 4836 neuter
1425 4773 1525 4850 cadit,

303 4949 307 4957 ³
377 4892 413 4936 se
429 4871 557 4938 famosa
574 4875 738 4932 monstrat
755 4887 885 4933 morum
1009 4866 1127 4930 ambos
1142 4865 1274 4930 vinctos
1290 4874 1381 4931 arcte
1396 4868 1499 4933 tradit

422 4967 543 5050 insigni
560 4963 730 5029 memoria.
1052 4972 1086 5026 et
1102 4961 1196 5046 gravi
1211 4962 1393 5030 custodiae.
