4102 5792
464 502 606 555 PROSAE
634 502 838 555 ECCLESIAE
864 501 1083 554 S.CORNELII
1110 504 1418 558 COMPENDIENSIS
1502 506 1570 578 471

341 698 369 755 ις
389 685 465 738 hunc
475 696 597 750 mauque
610 681 683 735 dans
691 691 756 736 tous
768 697 821 735 nos
835 689 932 735 textes.
963 681 1015 735 Est
1028 681 1188 738 necessaire
1200 700 1236 738 au
1246 684 1364 753 rythme.

341 777 371 830 17
391 763 472 817 Cette
486 759 611 815 clausule
623 770 697 815 reste
709 760 823 832 unique.
856 761 897 814 La
906 760 1032 817 clausule
1040 763 1281 834 correspondente
1290 763 1350 819 doit
1359 762 1438 818 avoir
1451 764 1578 835 disparu.

341 841 371 896 18
390 858 473 896 cruor
485 853 514 894 ut
528 840 571 893 lac
584 839 704 907 prosiliit
718 841 748 894 S.

338 935 368 974 21
390 919 441 974 tibi
454 927 559 974 canunt
573 919 606 972 O.

355 1061 436 1116 Cette
449 1061 530 1132 piece
542 1077 559 1115 a
572 1062 720 1131 beaucoup
733 1062 769 1116 de
782 1062 993 1117 ressemblance
1002 1079 1072 1117 avec
1082 1063 1123 1116 les
1133 1063 1234 1118 Proses
1245 1063 1281 1118 de
1291 1064 1319 1117 la
1327 1063 1450 1118 seconde
1459 1062 1577 1132 epoque.

318 1139 518 1289 rCyetEtsslnlesegle
531 1155 577 1194 ses
590 1141 730 1196 clausulas
744 1141 906 1212 pourraient
915 1140 975 1195 etre
985 1140 1092 1196 editees
1110 1158 1221 1197 comme
1234 1143 1271 1196 de
1284 1141 1434 1196 veritables
1448 1141 1578 1210 strophas

640 1471 721 1557 336.
755 1464 829 1536 DE
862 1464 1048 1537 BEATA
1081 1463 1275 1535 unuln.

945 1741 955 1784 1

620 1841 730 1905 Mater
747 1843 810 1905 Dei
827 1842 1004 1925 singularis
1021 1842 1138 1920 meriti,

619 1947 696 2001 tuae
712 1957 827 2002 sumus
842 1939 962 2002 ditioni
978 1938 1093 2015 dediti,

619 2033 797 2116 Obligatos
814 2036 942 2098 ratione
958 2035 1062 2098 debiti

619 2139 726 2211 perte
742 2131 850 2194 solvat
866 2152 886 2194 a
903 2129 981 2213 Quo
996 2151 1111 2194 sumus
1127 2130 1264 2193 conditi.

938 2261 956 2305 2

663 2354 718 2417 Ex
735 2364 767 2417 te
785 2355 877 2417 Deus
894 2374 1030 2417 sumens
1047 2355 1219 2418 materiam

662 2470 728 2532 qua
744 2450 878 2514 resolvit
894 2460 1041 2514 nostram
1060 2451 1235 2526 miseriam,

663 2555 770 2628 perte
786 2545 904 2609 cellam
921 2547 1026 2609 donat
1043 2546 1204 2608 vinariam

661 2661 736 2704 cum
754 2652 830 2724 post
846 2641 956 2724 fulgur
971 2641 1094 2704 emittit
1111 2641 1257 2722 pluviam
1273 2663 1280 2719 ;

664 2737 854 2801 Salomonis
871 2738 1010 2801 thronus
1027 2737 1201 2813 eburneus,

663 2834 752 2897 intus
768 2835 916 2898 candens
932 2843 965 2897 et
982 2833 1060 2896 soris
1076 2852 1205 2910 aureus,

663 2950 723 2993 sex
741 2951 761 2994 a
775 2939 863 2993 terra
880 2929 1007 2993 levatus
1023 2929 1183 3010 gradibus

661 3027 736 3102 tuis,
753 3026 870 3107 Virg0,
887 3027 989 3088 micat
1004 3023 1191 3088 virtutibus.

939 3158 956 3221 3

620 3261 717 3325 Duae
735 3279 854 3323 manus
870 3259 920 3322 bis
937 3259 1007 3322 seni
1025 3258 1168 3322 leunculi

620 3357 738 3420 miram
756 3356 901 3420 reddunt
916 3355 1035 3418 faciem
1051 3356 1243 3438 spectaculi,

619 3472 722 3534 regna
737 3460 874 3534 stupent
890 3453 933 3515 ad
949 3471 1055 3533 genus
1073 3452 1221 3516 miraculi

619 3549 708 3632 quod
725 3549 788 3611 sub
803 3557 891 3612 testa
907 3550 1031 3630 tegitur
1047 3547 1207 3610 involucri

619 3643 729 3728 Quem
746 3664 813 3707 non
830 3645 921 3727 capit
938 3645 1081 3707 latitudo
1097 3643 1229 3718 saeculi,

618 3741 705 3803 intra
721 3739 772 3802 sui
789 3739 851 3802 sert
867 3739 1012 3802 claustra
1028 3738 1215 3820 corpusculi

618 3835 727 3917 Virgo
744 3835 855 3898 Deum
872 3837 914 3898 ad
933 3836 1036 3898 instar
1052 3835 1245 3896 homunculi

618 3941 651 3994 et
668 3951 766 4013 quem
784 3931 892 4011 gignit
910 3929 945 3992 fit
962 3933 993 3992 in
1011 3942 1112 4010 caput
1130 3929 1253 4010 anguli.

662 4151 818 4214 Thronus
836 4151 898 4214 iste
914 4065 1053 4212 tlironus
1072 4149 1267 4231 magnificus

663 4268 730 4329 quo
747 4247 868 4309 resedit
885 4255 997 4308 noster
1015 4244 1184 4322 Pacificus,

665 4343 761 4408 Sedis
777 4343 875 4405 huius
891 4341 1059 4423 praeclara
1076 4342 1222 4424 dignitas

663 4459 762 4522 quam
781 4437 923 4500 illustrat
940 4438 1012 4517 ipsa
1030 4439 1205 4501 Divinitas.

941 4574 956 4638 5

664 4673 695 4739 Ο
712 4683 839 4756 quanta
855 4673 944 4736 sedis
960 4671 1169 4748 excellentia,

665 4769 742 4851 Qua
757 4769 851 4832 sedet
869 4769 932 4831 Dei
949 4767 1114 4849 sapientia
1131 4791 1137 4846 ;

579 4865 631 4928 De
648 4865 738 4928 Saba
754 4865 890 4928 veniens
907 4864 1066 4945 percurrit
1082 4865 1195 4927 omnia

579 4961 637 5024 sed
653 4961 716 5024 hoc
734 4959 907 5023 mirificum
926 4960 1032 5040 magis
1048 4979 1148 5041 quam
1166 4961 1240 5026 alia.
