4108 5794
454 479 526 566 264

750 496 893 548 PROSAE
922 493 1126 546 ECCLESIAE
1153 497 1450 548 THARENTASIAE

633 691 712 764 175.
753 673 828 746 DE
860 674 898 748 S.
924 673 1205 750 MAVRICIO
1236 675 1309 748 ET
1337 674 1531 750 SOCllS.

760 896 771 942 1

496 995 624 1078 Pangat
641 993 722 1058 Sion
740 993 837 1058 dulce
855 993 970 1072 melos,

495 1111 576 1155 voce
591 1089 678 1152 laeta
695 1088 804 1172 pulset
820 1091 930 1154 caelos

539 1187 571 1250 in
590 1195 683 1250 tanta
701 1185 837 1261 laetitia,

496 1285 578 1346 Vox
594 1303 614 1346 a
629 1281 729 1345 corde
746 1301 811 1344 non
829 1281 1006 1358 discordet,

496 1380 553 1444 sed
571 1399 628 1443 cor
643 1377 716 1441 voci
733 1377 779 1438 sic
795 1379 975 1441 concordet

540 1485 575 1538 ut
591 1474 658 1537 sint
674 1473 906 1537 consonantia.

757 1601 775 1646 2

497 1708 578 1772 Ritu
594 1726 655 1769 suo
671 1705 742 1769 dux
760 1703 917 1788 profanus

497 1802 595 1868 idolis
613 1801 843 1866 Maximianus

541 1907 637 1981 parat
653 1895 822 1976 sacrificia,

500 1995 566 2062 Sed
585 1993 672 2076 legio
689 1993 879 2058 Christiana

498 2113 592 2156 sacra
609 2091 727 2154 transit
743 2099 812 2152 tam
830 2089 969 2171 profana

542 2197 610 2252 tam
628 2185 839 2250 execrabilia.

763 2317 777 2380 3

542 2417 591 2481 Ut
607 2415 670 2480 diis
687 2413 848 2478 sacrificet

584 2511 671 2594 legio
688 2519 832 2586 vocatur,

541 2609 597 2672 illa
614 2609 723 2670 Deum
741 2604 903 2668 confitens

584 2697 664 2758 deos
681 2695 875 2770 detestatur,

542 2811 642 2875 quare
658 2790 709 2854 bis
726 2791 757 2852 in
775 2789 888 2872 gladio

584 2897 656 2952 tota
672 2887 864 2950 decimatur.

757 3021 779 3082 4

541 3117 615 3182 Viri
631 3116 732 3181 sortes
748 3117 862 3180 animo

583 3223 737 3278 constant
755 3213 890 3290 fortiori,

539 3331 599 3374 nec
615 3310 666 3372 his
683 3309 862 3373 decimatio

581 3405 657 3470 talis
673 3415 723 3468 est
740 3405 860 3482 timori,

538 3503 642 3566 immo
658 3511 794 3566 censent
810 3503 920 3564 vivere
971 3575 979 3583 .

582 3597 629 3661 sic
645 3618 705 3681 pro
722 3598 855 3662 Christo
873 3599 964 3661 mori.

760 3727 774 3791 5

498 3826 585 3908 Lupi
602 3823 691 3888 luror
707 3824 942 3900 inflammatur,

497 3920 620 3986 Christi
637 3943 720 4004 grex
737 3920 935 3984 dilaceratur

540 4026 714 4100 promptus
731 4017 773 4080 ad
791 4016 954 4098 supplicia
970 4038 977 4094 ;

497 4115 588 4197 Ergo
604 4113 689 4176 ferro
706 4113 865 4176 saevienti

496 4211 736 4291 sexagintasex
753 4209 903 4272 sexcenti

537 4307 662 4370 cadunt
678 4316 711 4368 et
728 4325 788 4367 sex
806 4303 916 4368 millia.

1066 4429 1099 4475 11

1387 881 1409 943 6

1127 996 1271 1072 Cadunt,
1287 995 1345 1059 sed
1363 995 1450 1059 ielici
1467 1005 1565 1073 sorte,

1128 1112 1205 1155 nam
1224 1101 1389 1155 mercatur
1404 1092 1507 1156 vitam
1526 1100 1632 1156 morte

1172 1187 1253 1251 selix
1270 1187 1433 1270 patientia

1129 1281 1239 1366 Quam
1257 1281 1339 1346 felix
1355 1283 1411 1365 qui
1428 1283 1474 1346 sic
1492 1291 1665 1360 mercatur,

1128 1380 1180 1442 cui
1198 1398 1258 1460 pro
1275 1389 1382 1442 morte
1398 1379 1467 1442 vita
1483 1379 1590 1458 datur,

1172 1475 1241 1537 vita
1258 1475 1373 1538 mortis
1394 1475 1514 1539 nescia.

1387 1602 1405 1667 7

1129 1705 1241 1782 Terra,
1257 1705 1384 1770 caelum
1403 1706 1560 1770 hilaretur

1128 1823 1204 1866 cum
1222 1813 1399 1884 utrumque
1416 1804 1622 1885 praeditetur

1174 1909 1357 1980 martyrum
1376 1901 1571 1980 praesentia,

1129 1993 1251 2057 Terrae
1269 1996 1418 2058 membra
1435 2005 1650 2069 reservantur,

1127 2091 1325 2173 animaeque
1340 2101 1542 2154 coronantur

1175 2187 1206 2248 in
1224 2187 1357 2250 caelesti
1374 2188 1473 2252 curia.

1389 2305 1408 2364 8

1173 2415 1240 2478 Tot
1256 2435 1371 2478 cruore
1388 2424 1572 2497 martyrum

1216 2519 1347 2593 pratum
1366 2519 1576 2593 purpuratur,

1170 2617 1360 2690 perpetrato
1376 2607 1498 2670 scelere

1216 2715 1317 2776 prava
1333 2715 1415 2776 gens
1432 2695 1583 2770 laetatur,

1172 2792 1214 2854 ad
1232 2791 1325 2853 cuius
1341 2791 1494 2854 convivia

1215 2887 1335 2950 Victor
1350 2887 1518 2950 invitatur.

1388 3021 1409 3082 9

1172 3118 1249 3180 Fusi
1267 3127 1360 3200 patet
1377 3118 1548 3198 sanguinis

1209 3215 1308 3276 series
1324 3214 1463 3292 Victori,

1169 3311 1287 3387 tendit,
1303 3309 1473 3374 Christum
1491 3308 1653 3373 confitens

1210 3416 1311 3488 caput
1328 3407 1522 3487 percussori,

1170 3503 1319 3565 redditur
1335 3523 1410 3564 cum
1427 3503 1501 3564 aliis

1216 3618 1276 3661 suo
1294 3598 1453 3663 Creatori.

1382 3728 1420 3773 10

1130 3825 1250 3888 Victor
1265 3825 1375 3888 dictus
1391 3845 1410 3885 a
1427 3823 1591 3886 vincendo

1172 3939 1293 3982 nomen
1312 3920 1432 4001 probat
1449 3919 1587 3994 actibus,

1127 4017 1262 4078 vincens
1279 4015 1367 4078 enirn
1387 4017 1561 4080 moriendo

1172 4112 1267 4174 victis
1284 4112 1409 4192 gaudet
1425 4111 1577 4175 hostibus

1124 4218 1158 4271 et
1175 4217 1306 4270 terrena
1323 4211 1573 4272 contemnendo

1172 4313 1289 4385 regnat
1307 4303 1339 4364 in
1357 4302 1564 4368 caelestibus.

840 4517 1063 4599 Agaunenses
1080 4516 1228 4594 iubilate,

883 4614 992 4689 corde,
1008 4633 1097 4689 voce,
1119 4613 1284 4688 manibuS,

838 4709 1036 4793 plaudentes
1054 4709 1164 4771 Deum
1183 4709 1317 4772 laudate
1383 4775 1385 4778 ,

881 4815 1016 4869 orantes
1033 4806 1065 4868 in
1085 4805 1240 4868 laudibus

836 4912 872 4966 ut
889 4903 1003 4983 iungat
1022 4903 1053 4964 in
1070 4900 1225 4964 claritate

880 4999 995 5062 vestris
1010 5018 1070 5061 vos
1087 4997 1298 5080 martyribus.
