4116 5784
655 533 797 584 PROSAE
825 535 1030 586 ECCLESIAE
1057 535 1312 589 ABRINCENSIS
1527 541 1595 610 321

382 829 444 892 Per
459 827 548 891 hunc
565 729 708 891 fruct3um
726 825 819 890 Evae
842 825 968 891 fructus
1015 827 1200 910 Hospitata
1217 731 1292 892 Dei⁵
1299 830 1393 913 prole
1427 817 1431 826 ’

382 949 425 992 ex
442 937 562 991 natura
578 924 615 990 fit
631 936 817 1010 corruptus,
1014 925 1131 989 stellae
1148 927 1248 989 maris
1265 928 1375 992 mixto
1392 928 1471 994 Sole

382 1023 472 1087 unde
486 1021 591 1100 dolor,
607 1022 697 1086 unde
713 1023 832 1101 luctus,
979 1111 980 1115 Ἰ
1016 1024 1211 1105 gravidatur
1226 1025 1298 1088 sine
1315 1026 1404 1090 mole

425 1116 546 1181 finibus
563 1117 768 1181 terrestrium
784 1140 791 1195 ;
1057 1119 1219 1202 virginale
1235 1123 1398 1203 gremium
1416 1144 1423 1202 ;

384 1214 460 1278 Hoc
476 1213 519 1276 de
535 1212 643 1276 fructu
660 1211 880 1276 condolentes
1013 1213 1091 1297 Quo
1107 1217 1258 1298 procedit
1274 1217 1429 1299 specialis

381 1311 624 1392 obstupescunt
642 1310 746 1373 nostri
763 1311 881 1373 dentes
920 1333 924 1342 ·
1014 1311 1139 1374 fructus
1156 1312 1263 1393 aegris
1281 1313 1453 1378 medicalis

382 1406 539 1490 paradiso
554 1405 641 1489 pulsi
659 1405 776 1470 flentes
1013 1407 1121 1472 aufert
1138 1409 1283 1488 morbos,
1298 1410 1427 1475 confert
1444 1410 1550 1488 malis,

426 1503 577 1566 subimus
593 1501 732 1565 exilium
1058 1503 1192 1586 perimit
1208 1504 1435 1572 daemonium.

644 1626 666 1687 4
1192 1647 1196 1654 ·
1255 1611 1297 1686 Ι6

387 1720 493 1786 Nobis
510 1720 566 1784 diu
583 1719 729 1784 exulatis
1017 1720 1070 1786 Sit
1085 1720 1139 1784 hic
1155 1720 1280 1786 sructus
1297 1721 1514 1788 benedictus:

386 1816 477 1882 dolet
497 1817 594 1881 Pater
609 1815 753 1898 pietatis,
1015 1817 1104 1880 cedit
1121 1816 1236 1896 hostis,
1252 1819 1318 1883 ruit
1334 1820 1450 1898 victus,

387 1923 420 1977 et
436 1914 591 1975 misertus
606 1910 766 1974 desolatis
1015 1911 1119 1975 homo
1136 1911 1248 1995 lapsus
1264 1923 1331 1978 stat
1348 1917 1534 2000 rescriptus¹

430 2007 535 2073 Suum
554 2008 658 2071 mittit
675 2007 797 2070 Filium
815 2029 822 2086 ;
1059 2009 1092 2069 in
1110 2007 1194 2070 libro
1210 2009 1394 2074 viventium
1411 2033 1419 2091 ;

388 2103 567 2168 Inclinavit
584 2102 796 2167 maiestatem
1017 2105 1201 2168 Benedicta
1217 2106 1315 2169 radix
1334 2107 1424 2171 Iesse

387 2209 534 2265 nostram
551 2199 594 2262 ad
611 2198 846 2277 humilitatem,
1017 2220 1078 2263 nos
1094 2200 1187 2263 vitali
1205 2201 1337 2284 replens
1354 2223 1462 2268 messe
1518 2255 1523 2262 .

387 2300 419 2362 in
436 2297 577 2362 ancillae
593 2297 783 2361 castitatem
1014 2316 1101 2378 quae
1117 2297 1176 2359 dat
1192 2317 1306 2362 servos
1322 2299 1433 2364 salvos
1449 2321 1522 2366 esse

430 2415 603 2460 assumens
619 2392 813 2475 hospitium.
1060 2412 1157 2456 suum
1174 2413 1234 2475 per
1248 2393 1455 2478 obsequium

713 2600 821 2682 Virgo
838 2599 958 2678 Mater,
973 2502 995 2663 (7)
1013 2599 1130 2678 Maria,

714 2696 808 2778 virgo
824 2695 980 2773 clemens,
996 2695 1089 2778 virgo
1106 2695 1171 2778 pia,

714 2791 808 2873 virgo
825 2809 1001 2873 perquam
1019 2800 1113 2872 patet
1129 2791 1182 2853 via

757 2887 800 2949 ad
814 2885 896 2950 caeli
912 2885 1086 2968 palatium,
1101 2895 1102 2901 ’

716 2983 880 3047 Pietatem
898 2981 1127 3065 imploramus,

714 3079 963 3163 proclamantes
978 3088 1013 3142 te
1029 3097 1188 3160 rogamus

714 3174 829 3240 confer
845 3175 942 3238 nobis
959 3176 1049 3258 quod
1066 3183 1223 3258 optamus

760 3263 881 3327 Filium
898 3263 1089 3346 propitium.

381 3403 575 3457 Manuscrlt.
589 3402 699 3457 Pnnrs:
718 3401 791 3455 Bibl.
807 3401 884 3468 Nat,
897 3415 958 3469 904,
971 3401 1071 3454 Missel
1080 3401 1117 3455 de
1128 3401 1237 3464 Rouen,
1248 3399 1305 3454 xive
1313 3398 1406 3466 siecle,
1420 3399 1451 3455 U.
1472 3401 1598 3458 Rouun':

346 3481 417 3538 Bibl.
431 3485 508 3540 dela
517 3485 600 3556 Ville,
614 3500 674 3554 304,
688 3485 788 3540 Missel
799 3484 948 3553 d'Evreux,
961 3485 1109 3554 xvssitcle,
1123 3485 1187 3540 RN.
1193 3503 1206 3549 ;
1234 3499 1294 3554 301,
1310 3485 1410 3540 Missel
1423 3485 1459 3541 de
1471 3487 1601 3558 l’abbaye

346 3563 382 3618 de
393 3565 546 3635 Jumieges
562 3566 639 3636 1485,
652 3565 714 3621 RO.

383 3681 464 3736 Cette
485 3682 572 3736 Prose
591 3699 609 3736 a
625 3680 670 3735 ete
688 3679 801 3751 publiea
822 3679 894 3734 dans
912 3679 954 3733 les
977 3678 1116 3732 Latimka
1140 3675 1375 3749 Sc'ingersordom
1393 3681 1519 3750 avbnda,
1534 3681 1604 3738 Piae

347 3759 501 3815 cantiones.
519 3762 547 3816 S.
557 3761 694 3816 Trinitas.
719 3761 798 3816 lesus
813 3759 953 3814 Christus.
978 3759 1006 3814 S.
1017 3757 1148 3830 Spiritus.
1173 3760 1201 3813 S.
1212 3759 1314 3829 Maria,
1327 3773 1420 3830 p.127,
1441 3761 1552 3832 d'apres
1577 3763 1604 3818 le

350 3840 449 3896 Missel
461 3841 592 3912 d'Upsal,
600 3842 675 3909 1483.

386 3985 432 4027 ta
463 3973 572 4042 Gaude,
588 3971 657 4027 Sion
679 3981 770 4027 mater
789 3970 931 4026 Latinska
952 3966 1071 4041 sanger.
1099 3987 1117 4024 o
1145 3971 1204 4024 Fac
1217 3969 1246 4024 in
1258 3970 1306 4024 die
1318 3969 1429 4040 domus,
1443 3971 1526 4042 (pour
1540 3973 1605 4027 Hac

347 4051 447 4120 indie)
462 4051 496 4107 tl.
526 4057 541 4106 l
570 4053 631 4123 pari
653 4069 723 4107 voce
744 4051 883 4105 Lnlinska
903 4051 1024 4122 Sitnger.
1057 4057 1078 4104 h
1111 4059 1175 4106 sunt
1196 4050 1255 4106 nati
1278 4051 1460 4120 (pournacti)
1476 4051 1507 4106 U.
1539 4062 1605 4108 sunt

348 4131 424 4187 nacti
436 4131 579 4186 Latinska
592 4133 714 4202 Siinger.

384 4227 430 4266 20
460 4211 528 4267 lacti
541 4212 630 4267 simus
643 4211 915 4282 Latinskastnger.
947 4227 964 4266 e
994 4210 1084 4266 Miser
1092 4209 1186 4265 Adam
1197 4209 1337 4264 Lanaska
1346 4210 1466 4282 S'ctnger.
1497 4229 1518 4280 g
1544 4229 1605 4284 per·

347 4291 388 4347 dit
402 4293 487 4346 homo
502 4292 693 4348 Constantien.
707 4307 717 4347 1
724 4305 737 4363 5
742 4305 785 4362 57.

384 4387 431 4439 4ο
461 4371 564 4429 misere
578 4372 715 4428 desolatis
730 4371 942 4427 Constantiam
949 4383 1007 4440 557.
1040 4375 1061 4426 d
1092 4369 1168 4426 misit
1194 4371 1309 4442 Sagien.
1329 4371 1470 4426 Latritska
1484 4371 1607 4444 Sitnger.

348 4457 362 4508 t
391 4453 428 4508 ad
440 4451 591 4508 utilitatem
602 4452 743 4507 Latinska
757 4453 877 4521 Siinger.

383 4537 433 4603 5b
463 4533 550 4588 maris
573 4534 672 4589 stellae
697 4532 907 4588 Constantien.1
914 4539 972 4598 557.
1000 4527 1083 4584 stella
1099 4527 1186 4583 maris
1207 4527 1348 4584 latinska
1362 4529 1483 4599 sangar.
1522 4530 1608 4585 misto

351 4613 626 4684 Comtanticn.1557.

384 4694 431 4748 60
462 4703 517 4750 stat
531 4705 661 4765 receptus
672 4691 862 4748 Comiantien.
872 4700 947 4759 1557.
976 4697 1032 4742 stat
1041 4687 1200 4758 adscriptus
1210 4686 1324 4758 Sagien.
1333 4688 1473 4743 Latinska
1487 4687 1607 4758 Siinger.

351 4791 371 4842 g
401 4775 449 4846 qui
464 4775 498 4830 U.
511 4774 653 4830 Latinska
667 4773 787 4844 sanger.
816 4771 865 4826 det
879 4786 945 4825 suos
958 4767 1148 4822 Constantien.
1158 4780 1187 4837 15
1192 4779 1232 4836 57.

387 4867 402 4922 7
415 4871 433 4908 e
463 4869 514 4926 per
527 4871 612 4926 quarn
625 4862 703 4925 patet
714 4851 789 4908 vitae
802 4851 849 4906 via
862 4850 977 4920 Sagr'en.

388 4979 434 5033 On
447 4987 547 5033 trouve
556 4975 627 5032 dans
642 4976 682 5030 les
694 4974 809 5029 Missels
822 4956 957 5027 Ecossais
971 4986 1026 5024 une
1041 4969 1129 5022 Prose
1143 4983 1178 5020 en
1192 4967 1339 5022 l'honneur
1357 4969 1393 5023 de
1415 4969 1496 5023 Saint
1512 4968 1612 5024 Kenti·

353 5073 429 5130 gem,
442 5059 489 5129 qni
499 5075 518 5113 a
529 5057 556 5113 le
565 5055 658 5112 mtme
671 5055 769 5110 debut.
797 5053 879 5108 Nous
890 5051 918 5108 la
931 5049 1096 5123 publierons
1109 5063 1145 5103 en
1159 5063 1211 5102 son
1221 5046 1285 5103 lieu

413 5205 431 5246 B
1527 5197 1554 5230 21
