4102 5792
606 559 748 610 PROSAE
776 559 980 610 ECCLESIAE
1007 557 1248 610 REDONENSIS
1499 563 1570 635 445

623 749 637 818 5
1249 753 1270 815 9

361 857 459 922 Plebs
475 855 582 922 fidelis
597 865 774 920 veneratur
990 854 1130 919 Crucem
1147 856 1264 919 videns
1279 856 1436 923 salutavit

362 954 505 1029 Petrum,
523 952 641 1017 Simon
658 951 822 1016 cruciatur
990 951 1057 1014 sic:
1073 955 1088 982 “
1106 949 1199 1016 Crux
1215 973 1285 1031 ave,
1301 955 1476 1039 perquam
1494 958 1574 1023 lavit

403 1050 515 1114 livoris
531 1049 686 1113 incendio
701 1068 709 1127 ;
1035 1044 1187 1110 Christus
1202 1047 1291 1111 orbis
1308 1050 1440 1136 scelera,

362 1146 405 1209 Et
422 1163 623 1228 oppugnans
641 1145 776 1208 Petrum
795 1163 913 1226 magus
991 1139 1082 1206 Olim
1099 1161 1156 1205 ara
1172 1143 1419 1224 damnatorum,

362 1261 419 1324 per
435 1241 534 1304 inane
550 1239 653 1304 fertur
669 1259 773 1322 vagus
992 1257 1068 1319 spes
1084 1247 1118 1302 et
1133 1239 1223 1302 scala
1240 1260 1326 1302 nunc
1344 1243 1518 1322 iustorum,

404 1337 608 1400 daemonum
626 1335 776 1400 ludibrio.
1036 1332 1139 1410 Crux,
1154 1333 1253 1412 salve,
1270 1336 1447 1403 fructifera.
1464 1339 1479 1364 '¹

624 1449 645 1510 6

367 1561 432 1627 Sed
451 1559 492 1622 ad
511 1577 632 1621 saxum
650 1557 762 1621 fractis
778 1557 880 1621 costis

366 1675 462 1739 prece
480 1653 567 1716 Petri
585 1653 649 1716 ruit
664 1652 771 1716 hostis
787 1673 794 1730 ;
996 1649 1184 1716 Crucifixus
1199 1655 1271 1718 obit
1288 1657 1403 1734 laetus,

409 1750 480 1814 dira
497 1748 575 1813 surit
592 1747 700 1830 legio;
994 1748 1164 1812 desolatus
1181 1751 1310 1834 plangit
1327 1765 1441 1818 coetus

370 1847 480 1910 Morte
497 1844 586 1926 magi
605 1844 696 1907 Nero
711 1841 817 1925 gemit
1039 1865 1099 1926 pro
1116 1847 1219 1927 patris
1236 1848 1388 1912 absentia
1405 1872 1412 1928 ;

369 1961 407 2006 ac
423 1939 585 2004 athletam
603 1938 727 2004 Christi
744 1938 864 2020 premit
997 1939 1193 2006 Gratulatur
1208 1963 1268 2006 rex
1286 1945 1422 2009 insanus

410 2035 517 2100 crucis
533 2036 565 2098 in
583 2033 755 2116 supplicio.
996 2046 1121 2099 etcum
1139 2057 1215 2120 rege
1231 2040 1304 2102 dira
1321 2059 1439 2104 manus
1469 2087 1487 2092 -1

628 2161 647 2226 7
1040 2129 1109 2194 iera
1125 2130 1271 2198 fremunt
1286 2135 1419 2216 gaudia.

1249 1511 1287 1557 10

370 2261 471 2324 Dirae
487 2279 648 2343 spernens
663 2259 734 2322 iura
751 2259 868 2322 mortis

372 2357 487 2423 Petrus
502 2355 637 2439 gaudet,
652 2355 759 2418 victor
776 2353 868 2417 sortis

414 2452 520 2514 crucis
536 2450 569 2514 in
586 2448 739 2533 patibulo
755 2470 762 2527 ;
1005 2451 1076 2515 lam
1095 2451 1208 2517 relicta
1224 2457 1340 2518 mundi
1357 2455 1446 2519 mola

1256 2317 1289 2362 11

376 2545 478 2630 Regis
494 2546 603 2610 minas
619 2563 779 2627 spernens
795 2543 896 2608 trucis
1002 2548 1045 2612 de
1060 2569 1175 2612 secura
1191 2559 1300 2614 certus
1316 2551 1403 2615 stola

374 2644 463 2711 diros
479 2643 601 2727 premit
616 2642 739 2717 hostes,
754 2641 859 2706 crucis
1046 2642 1169 2726 migrat
1184 2645 1226 2708 ad
1243 2645 1399 2712 caelestia
1413 2671 1421 2728 ;

419 2737 567 2802 munitus
583 2735 763 2819 signaculo.
1004 2737 1035 2804 O
1052 2738 1204 2802 caelestis
1222 2740 1347 2805 Rector
1361 2744 1458 2808 aulae

634 2850 653 2912 8
1003 2843 1045 2911 et,
1061 2853 1137 2898 cum
1156 2835 1263 2913 Petro,
1279 2849 1394 2903 sancte
1412 2839 1523 2918 Paule,

376 2960 485 3044 Quem
502 2958 646 3024 absolvit
661 2959 757 3022 verus
773 2957 895 3040 Agnus
1048 2939 1162 2996 ”⁰⁵³³
1177 2930 1252 2995 dele
1268 2933 1357 2998 vitia·

376 3059 462 3123 ierus
478 3059 618 3122 damnat
634 3057 723 3120 hunc
739 3065 901 3139 tyrannus

418 3155 542 3218 iniusto
558 3153 690 3229 iudicio,

376 3251 513 3332 Agrium
531 3248 668 3312 trahunt
684 3247 753 3330 lupi
770 3257 889 3324 mucce,
1006 3245 1177 3322 Nostrum,
1196 3247 1300 3324 Petre,
1315 3248 1407 3312 salva
1423 3250 1572 3330 chorum,

378 3355 485 3410 tortor
499 3345 591 3408 dirus
607 3353 703 3426 parat
718 3361 831 3406 cruces
1007 3341 1121 3404 sordes
1138 3340 1218 3406 tolle
1234 3341 1441 3422 delictorum,

421 3441 565 3506 Neronis
582 3439 731 3524 imperio.
1051 3435 1280 3521 tolletquoque
1296 3439 1408 3505 noxia.

1261 3111 1296 3158 12

372 3642 564 3694 Manuserit.
588 3637 703 3692 Pnkts:
724 3635 800 3691 Bibl.
816 3637 892 3704 Nat,
909 3635 985 3704 1098,
1000 3634 1102 3689 Missel
1115 3633 1152 3690 de
1167 3637 1290 3705 Rennes,
1304 3636 1361 3691 xiva
1371 3637 1464 3708 siecle,
1484 3641 1514 3695 Υ.

374 3801 419 3856 3ο
449 3789 650 3859 dispergantur
668 3787 698 3842 Y.

376 3879 420 3936 50
449 3865 537 3923 fertur
548 3883 649 3937 magus
669 3867 699 3922 Y.

554 4245 556 4248 Ι
596 4147 680 4242 313.
711 4147 786 4222 DE
816 4143 1040 4220 SANCTO
1071 4141 1341 4218 GOLVlNO.

651 4415 662 4460 l
1277 4411 1295 4458 2

386 4549 566 4616 Creaturae
582 4551 775 4617 Creatorem
1018 4547 1129 4632 Quem
1146 4549 1180 4613 in
1197 4549 1292 4613 terris
1308 4551 1500 4616 sublimavit

387 4657 595 4725 venerantur,
610 4645 691 4713 dum
707 4648 868 4712 honorem
1018 4645 1170 4710 Christus
1186 4645 1290 4728 signis
1306 4656 1338 4710 et
1355 4647 1476 4712 ditavit

433 4741 515 4806 Eius
531 4743 655 4808 sanctis
671 4743 834 4808 exhibent
848 4765 856 4822 ;
1062 4741 1257 4805 multiformi
1273 4743 1382 4824 gratia
1397 4765 1404 4822 ;

391 4837 481 4902 Laus
496 4848 530 4904 et
546 4839 654 4903 honor
669 4837 817 4904 Goluino
1022 4837 1131 4921 Quem
1149 4837 1283 4914 amavit,
1298 4857 1398 4921 quem
1415 4839 1546 4904 ornavit

390 4953 488 5016 quem
505 4933 761 5022 dilectnm'Deo
777 4933 866 4997 trino
1019 4944 1145 4997 etcum
1162 4933 1287 4997 sanctis
1302 4935 1476 5000 coronavit
1534 4961 1539 4972 ·

436 5029 506 5093 eius
517 5039 618 5112 gesta
633 5027 821 5115 perhibent:
1066 5030 1098 5092 in
1116 5029 1252 5110 perenni
1269 5029 1384 5110 gloria.
