4102 5790
583 542 726 594 PROSAE
756 543 961 595 ECCLESIAE
986 544 1313 599 ROTHOMAGENSIS
1508 552 1572 620 191

939 741 961 802 9

368 839 437 900 lam
455 845 491 899 ut
504 845 611 899 cesset
628 837 677 899 vis
694 835 815 898 furoris
992 837 1099 900 Nobis
1112 859 1247 922 quoque
1263 841 1400 904 tandem
1417 843 1546 906 cunctis

365 944 397 998 et
413 932 546 1016 gladius
562 933 775 1014 percussoris,
993 937 1051 998 det
1066 933 1209 1016 gloriam
1227 937 1296 1000 vita
1312 936 1443 1004 functis

581 1214 660 1283 131.
692 1190 966 1265 TEMPORE
998 1191 1327 1266 1ΞΡΙΙ)ΙΜΙΑΙΞ.Ι

627 1423 639 1469 1
1054 1433 1057 1442 ¹
1197 1472 1200 1478 Δ
1252 1410 1274 1472 6

386 1519 546 1584 Summae
563 1539 659 1582 verae
676 1519 861 1598 Trinitatis,
1080 1519 1137 1584 Ad
1154 1530 1196 1599 te,
1213 1521 1374 1599 Adriane,

385 1617 546 1681 indivisae
563 1616 710 1681 Deitatis
1079 1616 1292 1700 confugimus
1308 1618 1408 1699 plane

427 1713 636 1794 postulemus
651 1714 794 1797 gratiam
810 1735 817 1778 :
1080 1722 1117 1775 ut
1133 1733 1304 1777 succurras
1320 1714 1402 1792 istis,

388 1809 425 1873 ln
441 1809 504 1872 hac
520 1809 606 1874 valle
623 1812 843 1893 tempestatis,
1081 1807 1135 1871 Ac
1152 1807 1359 1886 Sebastiane,

386 1907 507 1970 intuitu
523 1907 667 1988 pietatis
1080 1904 1258 1986 deprecare
1273 1927 1354 1970 sane

428 2002 531 2086 pellat
546 2003 751 2086 epidimiam.
1081 1999 1255 2064 miseratus
1271 2003 1373 2066 iustis.

625 2132 643 2177 2

386 2227 441 2291 Ad
458 2236 500 2304 te,
517 2226 626 2310 Virgo
642 2215 797 2310 gloriosa,
1255 2179 1275 2242 7

427 2323 588 2386 vertimur
603 2323 785 2400 oraculum,
994 2325 1025 2390 O
1044 2324 1210 2403 Clemens,
1226 2335 1341 2408 pastor
1359 2327 1524 2404 Romane,

387 2417 439 2483 Sis
455 2441 515 2501 pro
532 2419 629 2482 nobis
645 2421 809 2484 advocata
993 2440 1094 2502 quam
1112 2422 1242 2499 devote,
1258 2442 1359 2504 quam
1377 2423 1522 2506 benigne

355 2593 358 2600 ,
428 2517 517 2599 apud
534 2526 629 2580 tuum
647 2516 778 2580 Filium.
1039 2517 1071 2578 in
1089 2525 1123 2580 te
1139 2537 1256 2580 omnes
1272 2539 1445 2600 speramus
1461 2541 1468 2596 ;

625 2646 641 2710 3
993 2611 1062 2676 Ora
1080 2612 1190 2674 Deum
1208 2633 1284 2675 cum
1302 2613 1478 2678 Wulfrano

994 2718 1096 2791 atque
1111 2718 1206 2791 patre
1222 2709 1376 2773 Antonio

430 2742 561 2808 Scimus
579 2761 639 2806 nos
655 2762 729 2806 reos
745 2763 826 2820 esse,
1038 2813 1074 2867 ut
1090 2803 1143 2867 hic
1161 2824 1225 2867 non
1244 2825 1420 2887 pereamus

428 2839 485 2902 sed
504 2847 549 2915 tu,
564 2837 693 2920 virgula
710 2839 810 2916 Iesse,

430 2934 609 2998 subvenias
626 2933 767 2998 famulis.
1258 2970 1276 3031 3

431 3027 486 3092 Nil
503 3031 626 3112 poterit
643 3029 802 3112 prodesse

427 3127 455 3189 si
472 3125 594 3188 refutes
610 3126 727 3189 adesse
995 3129 1026 3194 O
1044 3129 1187 3213 virgines
1203 3130 1379 3212 gloriosae,

429 3220 611 3297 ¹¹⁰blscum2
628 3219 658 3284 0
676 3219 774 3283 uillis·
994 3230 1122 3310 poscite
1138 3228 1319 3294 affectuose

622 3351 644 3412 4
993 3326 1123 3408 Regem
1139 3347 1200 3409 pro
1217 3327 1313 3391 nobis
1329 3348 1532 3410 supremum,

387 3444 510 3510 sancte
526 3443 679 3526 Baptista
697 3439 873 3520 lohannes,
994 3421 1046 3484 Ne
1063 3441 1124 3484 nos
1140 3442 1201 3504 pro
1218 3424 1339 3486 nostris
1355 3426 1543 3489 commissis

386 3541 421 3596 tu
437 3541 650 3615 repraesenta
666 3551 726 3595 nos
743 3551 860 3595 omnes
992 3517 1172 3582 sceleribus
1188 3529 1222 3582 et
1237 3520 1370 3584 omissis

428 3629 462 3692 in
478 3636 660 3711 conspectu
678 3627 823 3707 Iudici35
993 3613 1117 3679 iudicet
1134 3613 1167 3678 in
1184 3615 1365 3681 interitum.

388 3724 511 3793 Sancte
528 3725 635 3798 Petra
651 3723 875 3808 principatum

385 3831 502 3888 tenens
518 3830 552 3885 et
567 3819 804 3904 apostolatum,
1254 3804 1276 3870 9

427 3919 524 3983 flecte
540 3937 623 3981 ΠΜ
641 3915 803 3982 V¹¹¹d¹⁶¹⁵·
995 3949 1063 4015 Sed
1082 3971 1142 4014 nos
1159 3952 1276 4015 vestris
1293 3949 1469 4036 suffragiis,

627 4043 642 4110 5
995 4045 1116 4109 relictis
1133 4045 1184 4108 his
1201 4047 1350 4122 miseriis,

319 4146 549 4229 Protomartyr
566 4141 738 4225 Stephane
754 4161 812 4206 ora
829 4140 897 4219 Pio,
996 4140 1120 4224 Iungat
1136 4142 1168 4205 in
1186 4141 1269 4205 caeli
1282 4143 1381 4208 curia.

317 4244 369 4310 Ut
385 4263 445 4308 nos
460 4249 569 4305 servet
585 4239 628 4304 ab
645 4239 730 4321 ignis
751 4238 914 4303 incendio.
992 4235 1105 4302 Amen
1123 4238 1237 4304 dicant
1253 4241 1377 4305 omnia.

353 4429 562 4481 Manusorlts.
588 4423 708 4478 Panis:
736 4421 808 4477 Bibl.
833 4421 909 4490 Nat,
932 4433 993 4492 905,
1017 4421 1141 4477 Graduel
1166 4420 1202 4477 de
1222 4425 1332 4494 Rouen,
1351 4432 1398 4478 xv⁰
1413 4424 1508 4494 siecle,
1527 4423 1559 4480 X
1568 4445 1581 4490 ‚·

322 4519 416 4576 17317,
432 4503 533 4559 Missel
547 4502 583 4558 de
596 4504 707 4570 Rouen,
717 4509 765 4556 xve
774 4501 869 4570 siecle,
882 4499 917 4556 Z.

355 4628 400 4682 On
414 4627 445 4682 lit
458 4626 578 4694 dansX,
592 4643 627 4680 en
641 4624 698 4680 tete
711 4625 747 4679 de
760 4623 788 4678 la
807 4623 904 4679 Messe
923 4620 988 4678 d'oir
1010 4633 1054 4678 est
1069 4619 1189 4679 extraite
1210 4633 1284 4680 cette
1308 4623 1414 4680 Proser
1440 4622 1582 4682 Dominus

314 4711 396 4780 papa
409 4707 534 4761 Clemens
553 4707 657 4759 Sextus
674 4705 823 4760 constituit
833 4705 944 4773 etfacit
962 4719 1026 4757 cum
1044 4703 1168 4757 dominis
1191 4703 1393 4772 cardinalibus,
1409 4711 1437 4760 a!
1452 4709 1584 4761 concussit

318 4787 448 4843 omnibus
459 4786 639 4842 audientibus
650 4786 782 4839 ducentas
799 4785 996 4856 quadraginta
1020 4783 1081 4837 dies
1098 4783 1132 4836 de
1148 4785 1336 4854 indulgentia,
1357 4803 1443 4854 quam
1463 4788 1583 4842 audr'ens

318 4869 437 4923 mr'ssam
449 4869 526 4922 debet
536 4868 568 4920 in
581 4882 670 4920 manu
681 4883 735 4918 sua
749 4872 839 4918 tenera
853 4863 999 4918 candelam
1012 4880 1101 4916 unam
1120 4863 1204 4918 donec
1221 4865 1308 4917 missa
1318 4866 1418 4933 sum't
1436 4868 1581 4936 completa,

318 4955 350 5002 el
357 4951 411 5019 per
421 4949 546 5019 quinqua
557 4947 616 5000 dias
628 4947 795 5000 continuare
806 4946 911 5000 dictam
922 4944 1047 5012 missam,
1057 4948 1085 4996 el
1091 4943 1145 4996 illa
1158 4945 1281 4997 inarseis
1293 4961 1389 5000 nocere
1401 4963 1458 5000 nam
1468 4947 1581 5004 valebit.

360 5078 411 5128 ab
440 5073 576 5130 vertimus
585 5071 786 5144 Raibamagen.
