4096 5794
602 524 744 578 PROSAE
773 523 975 576 ECCLESIAE
1001 482 1247 576 *PIGTdVENSIS
1484 529 1561 601 ‘523

400 786 480 872 37⁶.
514 779 621 852 PER
649 780 904 855 ocrnvns
933 781 1212 855 conponrs
1241 779 1488 872 cunrs'sr.

618 1065 628 1110 1

480 1181 713 1246 Laetabundus

350 1299 437 1342 nunc
453 1289 566 1344 cantet
572 1280 687 1363 fidelis
703 1283 868 1344 mundus:

477 1378 636 1457 Alleluia,

482 1476 548 1559 Qui
566 1477 764 1540 immensam

354 1575 561 1657 praeparavit
579 1576 674 1639 nobis
691 1595 852 1650 mensam,

483 1694 533 1736 res
548 1673 710 1737 miranda.

614 1852 630 1896 2

394 1995 523 2078 Corpus
541 1995 646 2060 Suum
664 1997 818 2080 praebuit

395 2094 436 2156 ad
454 2094 664 2170 vescendum,
680 2095 725 2157 sic
742 2093 814 2158 fluit

481 2190 531 2252 sol
544 2190 582 2252 de
596 2189 689 2253 stella
699 2216 714 2266 ‚-

398 2287 496 2349 Panis
512 2307 611 2352 carne
626 2289 772 2366 vertitur,

398 2395 432 2448 ut
449 2385 481 2448 in
500 2385 610 2450 Sacris
627 2385 746 2470 legitur

483 2505 553 2546 uoce
568 2484 665 2548 clara.

382 2797 452 2874 vSic
469 2798 582 2862 vinum
600 2800 632 2862 in
649 2801 811 2881 sanguine

395 2895 485 2958 verbi
503 2895 730 2960 modulamine

473 2993 687 3075 pariforma,

396 3089 468 3154 Nec
484 3091 619 3173 sanguis
637 3092 669 3154 in
683 3091 856 3168 sumendo,

394 3207 471 3251 caro
488 3206 548 3250 nec
565 3187 597 3250 in
616 3189 781 3251 vescendo

470 3285 518 3367 fit
531 3295 688 3366 corrupta.

1024 1181 1080 1246 Sic
1097 1202 1157 1246 nos
1173 1192 1269 1264 potat
1284 1183 1455 1265 sanguine,

1022 1280 1069 1343 sic
1086 1299 1147 1342 nos
1163 1281 1269 1361 pascit
1286 1299 1433 1362 corpore,

1108 1376 1193 1439 valle
1208 1385 1319 1440 nostra
1332 1401 1347 1452 ;

1025 1475 1080 1538 Sic
1096 1495 1157 1538 nos
1174 1485 1255 1557 potu
1273 1473 1386 1552 reficit,

1022 1593 1061 1636 ac
1077 1572 1220 1654 repletos
1236 1572 1346 1648 effici-t,

1110 1691 1206 1733 carne
1220 1680 1359 1753 sumpta,
1392 1708 1393 1712 =

1243 1805 1258 1869 5

1026 1910 1073 1974 Ut
1090 1911 1122 1972 in
1140 1930 1244 1972 coena
1260 1909 1380 1974 cecinit
1394 1933 1401 1984 ;

1023 2005 1105 2069 fides
1122 2016 1235 2069 nostra
1253 2007 1413 2084 meminit,

1025 2104 1150 2167 Iudaea
1167 2123 1231 2167 non
1250 2105 1372 2168 desinit

1109 2212 1174 2254 esse
1188 2211 1278 2254 caeca
1288 2216 1302 2266 ,·

1024 2287 1102 2370 Quo
1119 2297 1237 2351 natura
1253 2287 1375 2365 deficit,

1024 2387 1127 2448 virtus
1145 2384 1249 2448 Verbi
1267 2384 1370 2448 reficit

1023 2501 1108 2563 quae
1125 2481 1269 2563 benigne
1285 2479 1413 2564 perficit

1109 2567 1185 2631 lraec
1191 2568 1370 2650 praedicta.

1069 2803 1103 2868 Si
1121 2824 1241 2887 corpus
1258 2805 1388 2888 insigne

1064 2901 1244 2982 sumpseris
1262 2901 1408 2983 indigne,

936 3007 970 3062 te
985 2997 1082 3089 ponis
1099 2997 1131 3060 in
1149 2999 1235 3082 igne,
1245 3017 1328 3082 gens
1344 2998 1464 3081 misera
1476 3025 1492 3076 ,-

1066 3095 1163 3158 Pater
1178 3094 1334 3172 accelera,
1357 3173 1361 3182 .

1067 3190 1110 3253 da
1127 3189 1299 3254 salutifera

936 3285 1045 3349 lesum
1062 3289 1283 3370 quemgenuit
1292 3299 1458 3371 puerpera.

343 3490 536 3540 Manuscrlt.
560 3485 709 3538 Polrlnns
721 3503 726 3539 :
742 3485 813 3540 Bibl.
825 3486 861 3540 de
872 3487 899 3540 la
908 3485 991 3554 Ville‚
1002 3499 1014 3555 5
1018 3501 1042 3555 3,
1053 3487 1152 3542 Missel
1162 3487 1198 3542 de
1210 3475 1339 3554 Poitlers,
1347 3485 1493 3554 xv‘siecle,
1501 3486 1563 3542 PO.

346 3653 356 3692 1
372 3655 389 3692 0
419 3634 596 3707 praeparavit
611 3635 669 3690 Sibi
684 3636 829 3692 Pr‘ctauen.

343 3735 389 3784 re
420 3717 467 3773 Sic
480 3718 602 3788 repletos
616 3717 760 3770 Pr'ctaven.

558 4097 640 4170 377.
673 4077 747 4148 DE
777 4075 1000 4150 SANCTA
1031 4075 1304 4150 BARBARA.

614 4367 625 4410 1

351 4495 465 4577 Surge,
482 4494 587 4568 turba,
605 4515 704 4557 manu
723 4515 814 4568 sona,

346 4590 445 4654 corde
460 4589 620 4673 gaudens,
636 4611 692 4653 ore
708 4601 798 4666 tona,

388 4685 512 4769 triplex
529 4687 571 4750 sit
587 4685 761 4750 harmonia
776 4711 782 4764 ;

1240 4367 1257 4410 2

981 4494 1074 4559 Haec
1091 4503 1142 4557 est
1158 4495 1245 4557 enim
1264 4494 1427 4556 luminare

979 4589 1045 4654 late
1061 4589 1191 4672 fulgens
1208 4599 1240 4652 et
1257 4589 1425 4671 praeclare

1019 4695 1129 4750 ortum
1148 4685 1376 4760 Nicomediae,

347 4780 515 4846 Christum
534 4781 674 4846 laudans
690 4783 722 4844 in
741 4783 896 4860 Barbara,
976 4781 1116 4864 Cyclum
1135 4791 1252 4844 tenens
1269 4779 1469 4862 angelicum,

348 4877 470 4960 dispar,
485 4878 542 4941 sed
560 4897 699 4940 concors
715 4878 852 4958 cythara

393 4972 528 5038 resultet
546 4973 697 5037 melodia.

977 4877 1090 4959 polum
1107 4877 1214 4941 calcat
1230 4875 1454 4952 Antarticum,

1022 4975 1085 5036 sita
1101 4971 1180 5055 polo
1196 4971 1328 5054 gloriae.
