4096 5794
479 549 549 637 562
698 560 839 612 PROSAE
867 558 1102 610 DOMINORVM
1132 558 1529 611 VLTuAMONTnNORVM

610 793 695 861 40¹·
727 765 803 839 DE
837 763 1023 836 BEATA
1052 763 1295 837 VIRGINE
1330 765 1404 836 DE
1438 765 1587 838 NlVE.

785 983 794 1028 l

518 1092 549 1158 Ο
568 1089 673 1158 Stella
690 1090 798 1164 maris
815 1109 885 1164 ave,

518 1189 626 1272 gratia
642 1207 772 1250 summa
790 1185 897 1267 plena,

519 1284 627 1349 Nobis
642 1301 844 1366 quaesumus
861 1279 945 1357 lave,

517 1401 559 1445 ne
574 1379 752 1443 absorbeat
768 1397 828 1440 nos
845 1376 1007 1459 gehenna.

781 1515 797 1560 2

517 1615 570 1676 Tu
586 1623 702 1677 votum
721 1613 881 1694 virginale

517 1712 592 1773 Deo
608 1711 727 1772 vovisti
745 1711 850 1790 prima
867 1731 873 1784 ;

519 1807 556 1868 ln
573 1805 635 1869 hac
653 1805 728 1869 love
745 1825 805 1866 nos
821 1804 917 1879 valle,

516 1922 558 1964 ne
574 1903 752 1986 tendamus
768 1902 810 1964 ad
829 1901 906 1964 ima.

777 2036 795 2099 3

515 2131 568 2195 Tu
586 2131 696 2194 Deum
714 2129 856 2212 genuisti

515 2229 586 2290 sine
602 2227 686 2290 virili
703 2227 851 2304 semine;

516 2322 598 2400 Nos,
614 2322 731 2405 Virg0,
749 2322 860 2385 Mater
876 2321 1010 2400 Christi,

514 2420 557 2482 ab
572 2419 664 2482 omni
682 2419 808 2481 munda
824 2418 970 2482 crimine.

775 2558 798 2618 4

514 2651 564 2714 Te
580 2672 664 2735 puro
679 2661 739 2716 tuo
755 2653 918 2736 sanguine

515 2748 673 2812 secundat
690 2748 835 2814 Sanctus
853 2749 1005 2831 Spiritus,

514 2845 564 2908 Te
580 2845 672 2908 nulla
687 2845 750 2909 sub
765 2846 911 2926 imagine

514 2943 556 3004 ad
573 2951 607 3004 te
622 2941 786 3004 demissus
802 2940 949 3005 caelitus

512 3159 564 3232 Tu
581 3189 640 3251 per
656 3187 768 3231 aurem
785 3169 977 3250 concepisti,

513 3265 633 3346 angelo
649 3273 682 3327 te
698 3263 874 3340 salutante,

430 3413 433 3419 ,
511 3361 574 3423 Dei
592 3359 747 3423 ancillam
764 3371 797 3423 te
813 3359 930 3436 iecisti,

512 3455 600 3518 Isaia
616 3455 649 3518 id
666 3455 899 3537 prophetante.

771 3565 793 3628 6

511 3679 563 3742 Tu
582 3679 691 3741 Deum
709 3687 742 3741 et
759 3677 930 3742 hominem

510 3775 581 3837 sola
598 3776 725 3837 mundo
740 3793 890 3856 generas,

510 3869 608 3953 Quae
625 3872 833 3934 mundanum
851 3869 1018 3932 turbinem

502 3976 722 4049 ¹praeservata
741 3985 922 4049 spreveras.

508 4195 588 4261 Siue
603 4193 702 4277 culpa
718 4195 877 4278 originali

506 4301 540 4354 te
555 4293 708 4372 concepit
726 4305 832 4354 mater
849 4290 951 4353 Anna

507 4387 564 4450 Ex
582 4387 751 4462 Ioachino‚
768 4405 876 4468 neque
892 4385 961 4448 ialli

506 4485 539 4545 in
556 4482 619 4546 hoc
636 4491 747 4565 potest
764 4479 846 4544 fides
863 4499 953 4543 sana.

768 4595 787 4656 8

506 4707 692 4791 Prophetae
708 4716 742 4770 et
758 4707 967 4790 patriarchae

503 4817 536 4867 te
552 4825 695 4886 genuere
712 4817 743 4866 et
763 4823 856 4885 reges
871 4826 877 4880 ;

503 4901 647 4963 Caelesti
665 4919 725 4962 nos
742 4899 775 4961 in
793 4920 868 4964 arce

503 5005 579 5057 tuos
596 4994 646 5056 sac
664 5011 736 5056 esse
751 5013 878 5076 greges.

1411 984 1432 1044 9

1152 1090 1291 1153 Tecum
1311 1091 1403 1172 prole
1420 1091 1509 1173 magi
1526 1092 1649 1168 colunt,

1152 1184 1300 1267 Symeon
1318 1207 1422 1249 senex
1439 1197 1471 1250 et
1488 1188 1591 1250 Anna

1151 1275 1397 1363 Prophetizant.
1414 1293 1447 1345 et
1463 1283 1632 1346 extollunt

1147 1379 1314 1458 periturae
1330 1377 1412 1460 legis
1428 1378 1561 1442 damna.

1403 1515 1442 1562 10

1150 1613 1242 1674 Dum
1261 1612 1373 1676 visitas
1391 1613 1566 1677 Elisabeth

1147 1728 1260 1771 senem
1279 1709 1345 1772 iam
1363 1707 1588 1787 fecundatam,

1152 1805 1247 1866 Haec
1264 1803 1346 1868 fides
1363 1806 1474 1887 palam
1495 1807 1646 1888 perhibet

1143 1910 1176 1962 te
1194 1911 1335 1964 matrem
1355 1903 1419 1964 Dei
1437 1902 1581 1966 beatam.

1401 2039 1433 2082 ll

1148 2131 1257 2195 Natus
1275 2133 1334 2195 tibi
1352 2131 1565 2210 subdebatur,

1146 2235 1179 2290 et
1196 2228 1335 2309 parebat
1351 2230 1394 2292 ad
1412 2231 1620 2306 mandatum,

1148 2323 1192 2386 Et
1211 2324 1243 2386 in
1262 2325 1388 2406 nuptiis
1405 2324 1588 2389 mirabatur

1146 2439 1268 2501 aquam
1286 2421 1385 2483 turba
1402 2421 1515 2484 vinum
1535 2421 1669 2486 lactum.

1401 2560 1437 2605 12

1149 2654 1275 2717 Natum
1293 2666 1406 2717 custos
1422 2666 1456 2719 et
1471 2656 1595 2720 sodalis

1147 2751 1396 2830 praedicantem
1413 2763 1446 2814 et
1464 2753 1640 2816 docentem

1146 2845 1248 2908 Bonis
1264 2847 1393 2910 cunctis
1409 2857 1510 2930 atque
1527 2849 1622 2912 malis

1145 2941 1337 3024 sequebaris
1353 2945 1595 3009 conviventem.

1398 3072 1434 3134 Ι3

1144 3169 1242 3232 Utin
1260 3188 1356 3232 cruce
1373 3180 1448 3252 post
1466 3173 1678 3252 pendentem,

1147 3264 1258 3327 Mater
1273 3264 1388 3346 Virgo,
1405 3276 1534 3348 martyr
1548 3288 1634 3342 vera,

1141 3360 1197 3423 Ad
1215 3359 1410 3423 salvandam
1427 3381 1562 3425 omnem
1576 3372 1710 3444 gentem

1143 3455 1214 3518 sola
1231 3455 1263 3517 in
1282 3454 1346 3518 fide
1363 3457 1499 3519 sincera.

1399 3585 1437 3645 Ι4

1144 3679 1235 3740 Dum
1252 3679 1384 3742 devicta
1399 3681 1505 3760 surgit
1522 3692 1637 3756 morte,

1142 3774 1222 3836 nulli
1241 3775 1389 3836 nondum
1407 3787 1624 3857 apparentem

1145 3869 1250 3932 Laeta
1266 3871 1373 3932 cernis
1388 3891 1464 3933 cum
1481 3871 1619 3934 cohorte

1142 3965 1324 4046 gloriosum
1342 3976 1375 4028 et
1391 3965 1634 4048 splendentem.

1395 4094 1430 4160 15

1141 4192 1191 4255 Te
1208 4191 1385 4274 Virginem
1403 4193 1521 4257 Ioarlni

1136 4288 1255 4369 virgini
1273 4289 1525 4352 commendavit

1138 4382 1302 4460 Christus,
1316 4401 1392 4446 cum
1409 4403 1519 4465 poena
1534 4383 1671 4447 immani

1138 4479 1278 4542 crimina
1295 4487 1408 4542 nostra
1424 4478 1512 4542 lavit.

1392 4609 1431 4654 ro

1137 4707 1246 4770 Mater
1262 4711 1398 4772 demum
1416 4728 1492 4770 curn
1509 4707 1629 4769 orabas

1134 4805 1257 4866 sanctis
1275 4823 1350 4865 cum
1368 4805 1540 4884 apostolis,

1136 4898 1261 4962 Pariter
1278 4900 1513 4981 perseverabas

1136 4995 1263 5058 cunctis
1280 5013 1355 5056 cum
1373 4995 1552 5077 discipulis.
