4102 5792
374 479 376 484 ’
460 487 533 578 428
637 506 779 556 mosne
806 506 1008 559 accansmu
1036 509 1064 559 s.
1086 505 1277 558 sraeusrn
1305 503 1550 555 otvtostattsls

462 686 511 750 26.
536 685 737 751 Sanctorum
754 683 983 764 Geminorum,
1001 688 1118 751 Prosa:
1158 683 1263 750 Adest
1284 681 1543 762 iamsestade'es.
1562 731 1653 747 .......
1681 686 1721 764 83

462 797 512 863 27.
537 781 589 844 De
607 781 732 844 Sancto
748 779 910 857 Antonio,
928 784 1049 846 Prosa:
1089 781 1130 846 Iu
1146 781 1207 846 leuc
1219 781 1273 844 die
1292 777 1496 843 laetabunda.
1536 780 1656 862 K.496.

463 880 513 942 28.
538 877 737 942 Sanctorum
752 877 891 942 Fabiani
905 888 938 942 et
952 879 1152 956 Sebastiani,
1167 879 1269 942 Prosa
1284 901 1291 940 :
1306 876 1420 939 Nobile
1425 877 1641 957 praeconium.
1661 891 1722 956 303

464 989 513 1053 29.
538 973 709 1037 Vincentii
726 975 890 1056 martyris,
906 975 1028 1039 Prosa:
1060 973 1233 1039 Praecelsa
1243 971 1357 1038 saeclis
1371 971 1495 1037 colitur.
1510 1021 1632 1036 .........
1664 973 1722 1051 138

465 1085 512 1150 30.
538 1069 577 1132 In
596 1067 822 1133 Conversione
839 1071 953 1136 Sancti
982 1069 1084 1147 Pauli,
1103 1071 1225 1133 Prosa:
1264 1066 1373 1146 Corde,
1399 1089 1471 1131 uoce
1490 1069 1589 1150 pulsa
1614 1067 1722 1130 caelos.

466 1277 514 1338 31.
541 1259 578 1322 In
598 1260 819 1323 Dedicatione
846 1260 1017 1337 ecclesiae,
1047 1262 1168 1324 Prosa:
1209 1259 1309 1326 Clara
1335 1259 1450 1323 elutus
1475 1259 1566 1322 dulce
1587 1266 1725 1342 pangat.

468 1467 515 1532 32.
542 1452 580 1514 In
601 1451 798 1514 Inventione
810 1451 957 1516 Sanctae
972 1451 1097 1530 Crucis,
1111 1452 1234 1516 Prosa:
1257 1451 1387 1516 Laudes
1405 1450 1519 1516 Crucis
1530 1451 1727 1514 attollamus.

469 1659 517 1724 33.
543 1642 658 1708 Sancti
677 1643 836 1706 Iohannis
855 1643 1039 1726 Baptistae,
1057 1643 1178 1706 Prosa:
1214 1643 1336 1719 Gaude,
1351 1652 1489 1719 caterua,
1504 1642 1571 1705 diei
1576 1653 1728 1724 praesen·

598 1738 651 1801 tis.
684 1739 726 1802 K.
733 1753 805 1819 357.

470 1851 518 1914 34
543 1834 596 1898 De
608 1833 667 1898 SS.
681 1835 779 1898 Petro
797 1845 831 1898 et
846 1835 949 1898 Paulo
961 1835 1131 1918 apostolis,
1144 1835 1261 1898 Prosa:
1284 1835 1399 1898 Laude
1410 1835 1546 1898 iocunda
1559 1833 1661 1897 melos.
1688 1847 1725 1912 35

472 1943 520 2009 35.
544 1929 597 1992 De
614 1930 719 1994 Beata
736 1931 948 2014 Magdalena,
965 1932 1086 1995 Prosa:
1121 1930 1225 1994 Mane
1235 1931 1349 2012 prima
1367 1930 1515 1996 sabbati.
1548 1930 1646 2012 K.93.

472 2025 521 2104 36.
546 2026 584 2089 In
605 2025 803 2090 Inventione
819 2026 934 2091 Sancti
953 2025 1115 2108 Stephani
1130 2029 1362 2110 sociorumque
1379 2027 1458 2103 eius,
1473 2027 1594 2090 Prosa:
1633 2023 1728 2090 Crea-

601 2121 667 2184 tori
678 2131 837 2185 creatura.
871 2122 991 2204 K.719.

473 2231 522 2296 27.
548 2217 718 2282 Laurentii
736 2219 900 2300 martyris,
917 2219 1040 2282 Prosa:
1074 2218 1238 2282 Laurenti
1252 2218 1374 2282 Dne’id.
1412 2217 1533 2297 K.623.

474 2314 523 2393 38.
548 2313 587 2375 In
606 2314 848 2394 Assumptione
871 2314 995 2376 Beatae
1013 2313 1141 2378 Mariae
1157 2313 1316 2396 Virginis,
1343 2315 1464 2377 Prosa:
1503 2315 1533 2376 A
1560 2335 1614 2398 rea
1633 2312 1730 2396 virga

595 2409 728 2490 primae·
740 2409 865 2472 matris.
902 2409 989 2488 K.25
997 2424 1022 2490 5.

474 2521 522 2584 39.
548 2505 742 2567 Mammetis
759 2507 922 2586 martyris.
942 2506 1057 2568 Prosa:
1091 2504 1299 2586 Omnipotens
1310 2505 1410 2581 Deus,
1423 2506 1514 2568 salus
1526 2515 1644 2568 nostru.
1670 2521 1733 2584 304

472 2615 523 2678 40.
549 2599 602 2662 De
619 2598 744 2664 Sancto
762 2599 932 2664 Bernardo
948 2599 1145 2678 consessore,
1163 2602 1286 2664 Prosa:
1321 2601 1439 2682 Fulget
1453 2601 1575 2664 retundo
1589 2601 1649 2664 lux
1672 2599 1732 2663 sol-

604 2695 717 2772 lenuis,
727 2715 826 2778 quam
841 2695 976 2760 decorat.
996 2745 1642 2761 ...........................................
1670 2709 1730 2775 305

475 2805 527 2866 41.
551 2788 735 2871 Augustini
751 2792 898 2874 episcopi
915 2802 948 2855 et
965 2791 1172 2869 confessoris,
1192 2793 1312 2855 Prosa:
1348 2791 1478 2854 luterni
1492 2792 1581 2870 festi
1596 2789 1733 2873 gaudia.

607 2885 649 2948 K.
659 2899 730 2966 502.

474 2995 527 3058 42.
553 2980 590 3042 ln
610 2980 796 3046 Nativitate
814 2983 938 3047 Beatae
961 2983 1088 3047 Mariae
1104 2983 1262 3065 Virginis,
1284 2984 1405 3047 Prosa:
1440 2983 1516 3046 Alte
1533 2983 1669 3046 caeleste.
1691 2998 1735 3060 44

474 3092 526 3156 43.
551 3075 603 3139 De
621 3077 746 3141 Sancto
765 3079 939 3156 Michaele,
957 3081 1079 3142 Prosa:
1112 3078 1189 3142 Has
1208 3078 1347 3154 celebres,
1373 3079 1447 3142 Rex
1463 3079 1582 3143 coelice.
1619 3077 1735 3141 K.168.

474 3189 526 3251 44
551 3173 590 3235 ln
608 3171 872 3331 {sto60mnium
899 3173 1110 3251 Sanctorum,
1132 3176 1251 3238 Prosa:
1296 3173 1424 3239 Christo
1450 3174 1569 3255 inclyta
1587 3173 1736 3239 candida.

645 3285 697 3349 ,33
723 3319 729 3332 .

475 3377 526 3443 45.
552 3364 692 3446 Benigni
711 3367 875 3448 martyris,
893 3368 1014 3430 Prosa:
1052 3364 1249 3431 Collaetetur
1253 3365 1368 3448 fidelis
1379 3366 1490 3430 concio.
1509 3415 1648 3430 ..........
1676 3367 1739 3446 306

475 3461 526 3538 46.
552 3459 689 3618 Maktini
717 3461 864 3544 episcopi
892 3473 925 3525 et
955 3461 1164 3537 confessoris,
1197 3463 1319 3524 Prosa:
1372 3461 1577 3526 Sacerdotem
1606 3460 1740 3526 Christi.

647 3558 731 3635 .648.

476 3666 527 3731 47.
553 3651 759 3716 Katherinae
775 3654 921 3735 virginis,
939 3655 1062 3717 Prosa:
1097 3654 1202 3717 Adest
1216 3655 1286 3717 dies
1307 3653 1525 3735 triumphalis.
1546 3701 1670 3717 .........
1695 3669 1734 3730 91
1826 3639 1828 3641 ¹

477 3749 528 3826 48.
553 3747 656 3810 Missa
673 3749 714 3856 ¹de
731 3748 888 3832 Quinque
910 3751 1020 3833 Plagis
1047 3750 1195 3827 Domini,
1221 3751 1341 3814 Prosa:
1379 3749 1518 3814 Coenam
1545 3771 1618 3814 curn
1642 3749 1738 3812 disci·

477 3957 529 4018 49.
554 3845 836 4004 InVliirseraVosrie
863 3942 986 4005 Beatae
1015 3941 1143 4006 Mariae
1172 3943 1331 4025 Virginis,
1364 3943 1485 4004 Prosa:
1518 3943 1601 4019 Ave,
1637 3941 1737 4022 Virgo

610 4036 789 4120 virginum,
805 4059 955 4115 ......ave,
970 4038 1070 4101 stella.
1105 4037 1225 4119 K.287.

695 4349 776 4417 299.
810 4325 878 4402 IN,
903 4325 1255 4397 NATIVITATE
1289 4325 1516 4398 DOMINI.
1638 4331 1640 4334 ’

507 4541 531 4589 1.
556 4524 664 4588 Adest
682 4545 768 4588 nunc
785 4526 929 4608 gloriosa
946 4525 1152 4588 sollemnitas
1168 4535 1269 4608 atque
1285 4527 1462 4608 praeclara,

504 4673 533 4720 2.
557 4654 633 4738 Qua
651 4656 749 4718 Pater
765 4656 797 4716 in
815 4655 923 4732 caelis,
940 4677 1059 4737 supera
1076 4676 1192 4738 regens
1209 4658 1352 4738 agmina,

507 4767 532 4831 3.
558 4751 677 4814 Filium
696 4752 727 4814 in
746 4752 849 4828 terris,
865 4759 1000 4834 propter
1015 4753 1156 4815 salutem
1174 4753 1366 4830 humanam,

503 4899 532 4959 4.
560 4881 661 4957 Misit,
678 4893 714 4944 ut
730 4892 874 4944 sumeret
891 4882 1041 4945 servilem
1060 4893 1160 4964 atque
1177 4883 1351 4946 mortalem
1370 4882 1533 4961 formam,

374 5051 376 5059 Ι
510 4991 534 5057 5.
561 4977 609 5040 Ut
626 4977 688 5039 sub
705 4977 777 5059 lege
795 4997 933 5040 manens
949 4979 1089 5040 donaret
1107 4980 1233 5042 mundo
1250 4979 1416 5042 caelorum
1434 4979 1564 5060 gaudia.
