<?xml version="1.0" encoding="UTF-8"?>
<!DOCTYPE html PUBLIC "-//W3C//DTD XHTML 1.0 Transitional//EN"
    "http://www.w3.org/TR/xhtml1/DTD/xhtml1-transitional.dtd">
<html xmlns="http://www.w3.org/1999/xhtml" xml:lang="en" lang="en">
 <head>
  <title>
</title>
<meta http-equiv="Content-Type" content="text/html;charset=utf-8" />
  <meta name='ocr-system' content='tesseract 3.04.00' />
  <meta name='ocr-capabilities' content='ocr_page ocr_carea ocr_par ocr_line ocrx_word'/>
</head>
<body>
  <div class='ocr_page' id='page_1' title='image "./analectaliturgi00wealgoog/analectaliturgi00wealgoog_0489.png"; bbox 0 0 4102 5792; ppageno 0'>
   <div class='ocr_carea' id='block_1_1' title="bbox 427 447 1533 533">
    <p class='ocr_par' dir='ltr' id='par_1_1' title="bbox 427 447 1533 533">
     <span class='ocr_line' id='line_1_1' title="bbox 427 447 1533 533; baseline -0.013 -17"><span class='ocrx_word' id='word_1_1' title='bbox 427 447 498 533; x_wconf 87' lang='lat'>482</span> <span class='ocrx_word' id='word_1_2' title='bbox 580 461 721 512; x_wconf 84' lang='lat' dir='ltr'>PROSAE</span> <span class='ocrx_word' id='word_1_3' title='bbox 750 457 953 510; x_wconf 79' lang='lat' dir='ltr'>ECCLESIAE</span> <span class='ocrx_word' id='word_1_4' title='bbox 980 456 1196 508; x_wconf 62' lang='lat' dir='ltr'>&amp;CORNELII</span> <span class='ocrx_word' id='word_1_5' title='bbox 1224 453 1533 506; x_wconf 84' lang='lat' dir='ltr'>COMPENDIENSIS</span> 
     </span>
    </p>
   </div>
   <div class='ocr_carea' id='block_1_2' title="bbox 731 642 749 702">
    <p class='ocr_par' dir='ltr' id='par_1_2' title="bbox 731 642 749 702">
     <span class='ocr_line' id='line_1_2' title="bbox 731 642 749 702; baseline 0 0"><span class='ocrx_word' id='word_1_6' title='bbox 731 642 749 702; x_wconf 89' lang='lat'>8</span> 
     </span>
    </p>
   </div>
   <div class='ocr_carea' id='block_1_3' title="bbox 469 744 1020 1496">
    <p class='ocr_par' dir='ltr' id='par_1_3' title="bbox 469 744 1020 1021">
     <span class='ocr_line' id='line_1_3' title="bbox 472 744 946 824; baseline -0.011 -16"><span class='ocrx_word' id='word_1_7' title='bbox 472 745 559 808; x_wconf 92' lang='lat' dir='ltr'>Nam</span> <span class='ocrx_word' id='word_1_8' title='bbox 577 744 752 810; x_wconf 82' lang='lat' dir='ltr'>Clemente</span> <span class='ocrx_word' id='word_1_9' title='bbox 769 749 946 824; x_wconf 89' lang='lat' dir='ltr'>perorante</span> 
     </span>
     <span class='ocr_line' id='line_1_4' title="bbox 469 841 1020 922; baseline -0.013 -17"><span class='ocrx_word' id='word_1_10' title='bbox 469 843 564 905; x_wconf 91' lang='lat' dir='ltr'>adest</span> <span class='ocrx_word' id='word_1_11' title='bbox 581 841 711 922; x_wconf 87' lang='lat' dir='ltr'>Agnus,</span> <span class='ocrx_word' id='word_1_12' title='bbox 728 858 794 918; x_wconf 90' lang='lat' dir='ltr'>quo</span> <span class='ocrx_word' id='word_1_13' title='bbox 812 847 1020 901; x_wconf 87' lang='lat' dir='ltr'>monstrante</span> 
     </span>
     <span class='ocr_line' id='line_1_5' title="bbox 470 932 871 1021; baseline -0.01 -21"><span class='ocrx_word' id='word_1_14' title='bbox 470 937 682 1021; x_wconf 90' lang='lat' dir='ltr'>lympharum</span> <span class='ocrx_word' id='word_1_15' title='bbox 700 932 871 996; x_wconf 88' lang='lat' dir='ltr'>affluentia</span> 
     </span>
    </p>

    <p class='ocr_par' dir='ltr' id='par_1_4' title="bbox 471 1028 872 1112">
     <span class='ocr_line' id='line_1_6' title="bbox 471 1028 872 1112; baseline -0.015 -16"><span class='ocrx_word' id='word_1_16' title='bbox 471 1035 581 1096; x_wconf 89' lang='lat' dir='ltr'>locum</span> <span class='ocrx_word' id='word_1_17' title='bbox 599 1031 704 1112; x_wconf 89' lang='lat' dir='ltr'>replet</span> <span class='ocrx_word' id='word_1_18' title='bbox 721 1028 848 1092; x_wconf 91' lang='lat' dir='ltr'>laetitia</span> <span class='ocrx_word' id='word_1_19' title='bbox 865 1049 872 1106; x_wconf 90' lang='lat'>;</span> 
     </span>
    </p>

    <p class='ocr_par' dir='ltr' id='par_1_5' title="bbox 472 1121 1018 1496">
     <span class='ocr_line' id='line_1_7' title="bbox 473 1121 943 1206; baseline -0.017 -13"><span class='ocrx_word' id='word_1_20' title='bbox 473 1129 528 1194; x_wconf 89' lang='lat' dir='ltr'>Sic</span> <span class='ocrx_word' id='word_1_21' title='bbox 545 1129 727 1192; x_wconf 90' lang='lat' dir='ltr'>daemones</span> <span class='ocrx_word' id='word_1_22' title='bbox 743 1121 943 1206; x_wconf 84' lang='lat' dir='ltr'>effugantur,</span> 
     </span>
     <span class='ocr_line' id='line_1_8' title="bbox 472 1221 1018 1307; baseline -0.016 -19"><span class='ocrx_word' id='word_1_23' title='bbox 472 1225 597 1307; x_wconf 92' lang='lat' dir='ltr'>templa</span> <span class='ocrx_word' id='word_1_24' title='bbox 615 1221 748 1286; x_wconf 90' lang='lat' dir='ltr'>Christo</span> <span class='ocrx_word' id='word_1_25' title='bbox 765 1228 1018 1282; x_wconf 89' lang='lat' dir='ltr'>consecrantur:</span> 
     </span>
     <span class='ocr_line' id='line_1_9' title="bbox 472 1316 838 1399; baseline -0.019 -14"><span class='ocrx_word' id='word_1_26' title='bbox 472 1322 565 1385; x_wconf 89' lang='lat' dir='ltr'>dolet</span> <span class='ocrx_word' id='word_1_27' title='bbox 580 1319 684 1385; x_wconf 91' lang='lat' dir='ltr'>hostis</span> <span class='ocrx_word' id='word_1_28' title='bbox 701 1316 838 1399; x_wconf 89' lang='lat' dir='ltr'>perfidia</span> 
     </span>
     <span class='ocr_line' id='line_1_10' title="bbox 472 1413 916 1496; baseline -0.02 -14"><span class='ocrx_word' id='word_1_29' title='bbox 472 1417 656 1482; x_wconf 90' lang='lat' dir='ltr'>Clementis</span> <span class='ocrx_word' id='word_1_30' title='bbox 672 1415 713 1476; x_wconf 90' lang='lat' dir='ltr'>ad</span> <span class='ocrx_word' id='word_1_31' title='bbox 731 1413 916 1496; x_wconf 78' lang='lat' dir='ltr'>praeconia,</span> 
     </span>
    </p>
   </div>
   <div class='ocr_carea' id='block_1_4' title="bbox 472 1541 955 1710">
    <p class='ocr_par' dir='ltr' id='par_1_6' title="bbox 472 1541 955 1710">
     <span class='ocr_line' id='line_1_11' title="bbox 472 1541 955 1710; baseline -0.014 -16"><span class='ocrx_word' id='word_1_32' title='bbox 472 1633 545 1695; x_wconf 88' lang='lat' dir='ltr'>Lex</span> <span class='ocrx_word' id='word_1_33' title='bbox 564 1629 708 1693; x_wconf 88' lang='lat' dir='ltr'>infausta</span> <span class='ocrx_word' id='word_1_34' title='bbox 724 1541 955 1710; x_wconf 56' lang='lat' dir='ltr'>gromulgatur</span> 
     </span>
    </p>
   </div>
   <div class='ocr_carea' id='block_1_5' title="bbox 469 1722 976 2092">
    <p class='ocr_par' dir='ltr' id='par_1_7' title="bbox 469 1722 976 1886">
     <span class='ocr_line' id='line_1_12' title="bbox 471 1722 976 1802; baseline -0.018 -12"><span class='ocrx_word' id='word_1_35' title='bbox 471 1738 508 1790; x_wconf 93' lang='lat' dir='ltr'>ut</span> <span class='ocrx_word' id='word_1_36' title='bbox 524 1726 715 1791; x_wconf 89' lang='lat' dir='ltr'>submersus</span> <span class='ocrx_word' id='word_1_37' title='bbox 731 1722 976 1802; x_wconf 85' lang='lat' dir='ltr'>exstinguatur,</span> 
     </span>
     <span class='ocr_line' id='line_1_13' title="bbox 469 1821 909 1886; baseline -0.018 0"><span class='ocrx_word' id='word_1_38' title='bbox 469 1824 527 1886; x_wconf 91' lang='lat' dir='ltr'>sed</span> <span class='ocrx_word' id='word_1_39' title='bbox 545 1825 578 1884; x_wconf 92' lang='lat' dir='ltr'>in</span> <span class='ocrx_word' id='word_1_40' title='bbox 596 1821 678 1883; x_wconf 91' lang='lat' dir='ltr'>mari</span> <span class='ocrx_word' id='word_1_41' title='bbox 696 1827 909 1881; x_wconf 88' lang='lat' dir='ltr'>conservatur</span> 
     </span>
    </p>

    <p class='ocr_par' dir='ltr' id='par_1_8' title="bbox 471 1914 925 2092">
     <span class='ocr_line' id='line_1_14' title="bbox 513 1914 790 1990; baseline -0.018 -10"><span class='ocrx_word' id='word_1_42' title='bbox 513 1939 533 1980; x_wconf 92' lang='lat' dir='ltr'>a</span> <span class='ocrx_word' id='word_1_43' title='bbox 548 1915 631 1979; x_wconf 92' lang='lat' dir='ltr'>caeli</span> <span class='ocrx_word' id='word_1_44' title='bbox 649 1914 767 1976; x_wconf 88' lang='lat' dir='ltr'>militia</span> <span class='ocrx_word' id='word_1_45' title='bbox 783 1935 790 1990; x_wconf 92' lang='lat'>;</span> 
     </span>
     <span class='ocr_line' id='line_1_15' title="bbox 471 2012 925 2092; baseline -0.018 -14"><span class='ocrx_word' id='word_1_46' title='bbox 471 2012 574 2078; x_wconf 90' lang='lat' dir='ltr'>Cuius</span> <span class='ocrx_word' id='word_1_47' title='bbox 592 2029 692 2074; x_wconf 91' lang='lat' dir='ltr'>manu</span> <span class='ocrx_word' id='word_1_48' title='bbox 709 2019 925 2092; x_wconf 89' lang='lat' dir='ltr'>praeparatur</span> 
     </span>
    </p>
   </div>
   <div class='ocr_carea' id='block_1_6' title="bbox 1100 635 1556 908">
    <p class='ocr_par' dir='ltr' id='par_1_9' title="bbox 1100 635 1556 908">
     <span class='ocr_line' id='line_1_16' title="bbox 1100 635 1540 717; baseline -0.014 -19"><span class='ocrx_word' id='word_1_49' title='bbox 1100 635 1262 717; x_wconf 88' lang='lat' dir='ltr'>templum</span> <span class='ocrx_word' id='word_1_50' title='bbox 1283 635 1339 698; x_wconf 91' lang='lat' dir='ltr'>ubi</span> <span class='ocrx_word' id='word_1_51' title='bbox 1355 639 1540 708; x_wconf 85' lang='lat' dir='ltr'>veneratur,</span> 
     </span>
     <span class='ocr_line' id='line_1_17' title="bbox 1101 731 1556 794; baseline -0.009 0"><span class='ocrx_word' id='word_1_52' title='bbox 1101 731 1154 794; x_wconf 94' lang='lat' dir='ltr'>hic</span> <span class='ocrx_word' id='word_1_53' title='bbox 1171 742 1310 794; x_wconf 91' lang='lat' dir='ltr'>naturae</span> <span class='ocrx_word' id='word_1_54' title='bbox 1326 731 1375 792; x_wconf 94' lang='lat' dir='ltr'>vis</span> <span class='ocrx_word' id='word_1_55' title='bbox 1393 737 1556 792; x_wconf 90' lang='lat' dir='ltr'>mutatur:</span> 
     </span>
     <span class='ocr_line' id='line_1_18' title="bbox 1142 824 1464 908; baseline -0.009 -20"><span class='ocrx_word' id='word_1_56' title='bbox 1142 826 1224 890; x_wconf 81' lang='lat' dir='ltr'>freta</span> <span class='ocrx_word' id='word_1_57' title='bbox 1242 825 1325 890; x_wconf 85' lang='lat' dir='ltr'>fiunt</span> <span class='ocrx_word' id='word_1_58' title='bbox 1342 824 1464 908; x_wconf 86' lang='lat' dir='ltr'>pervia.</span> 
     </span>
    </p>
   </div>
   <div class='ocr_carea' id='block_1_7' title="bbox 1100 955 1579 1886">
    <p class='ocr_par' dir='ltr' id='par_1_10' title="bbox 1100 955 1579 1886">
     <span class='ocr_line' id='line_1_19' title="bbox 1355 955 1395 1002; baseline 0.025 -1"><span class='ocrx_word' id='word_1_59' title='bbox 1355 955 1395 1002; x_wconf 86' lang='lat'>10</span> 
     </span>
     <span class='ocr_line' id='line_1_20' title="bbox 1101 1033 1574 1110; baseline 0.002 -12"><span class='ocrx_word' id='word_1_60' title='bbox 1101 1034 1215 1098; x_wconf 90' lang='lat' dir='ltr'>Turba</span> <span class='ocrx_word' id='word_1_61' title='bbox 1231 1055 1365 1099; x_wconf 88' lang='lat' dir='ltr'>currens</span> <span class='ocrx_word' id='word_1_62' title='bbox 1381 1033 1574 1110; x_wconf 84' lang='lat' dir='ltr'>admiratur,</span> 
     </span>
     <span class='ocr_line' id='line_1_21' title="bbox 1101 1129 1537 1214; baseline -0.005 -20"><span class='ocrx_word' id='word_1_63' title='bbox 1101 1132 1208 1195; x_wconf 89' lang='lat' dir='ltr'>clerus</span> <span class='ocrx_word' id='word_1_64' title='bbox 1224 1132 1333 1196; x_wconf 86' lang='lat' dir='ltr'>omnis</span> <span class='ocrx_word' id='word_1_65' title='bbox 1349 1129 1537 1214; x_wconf 83' lang='lat' dir='ltr'>gratulatur</span> 
     </span>
     <span class='ocr_line' id='line_1_22' title="bbox 1229 1226 1427 1290; baseline -0.01 0"><span class='ocrx_word' id='word_1_66' title='bbox 1229 1235 1308 1290; x_wconf 85' lang='lat' dir='ltr'>vota</span> <span class='ocrx_word' id='word_1_67' title='bbox 1327 1226 1427 1289; x_wconf 89' lang='lat' dir='ltr'>solvit</span> 
     </span>
     <span class='ocr_line' id='line_1_23' title="bbox 1230 1322 1493 1386; baseline 0 0"><span class='ocrx_word' id='word_1_68' title='bbox 1230 1343 1305 1386; x_wconf 91' lang='lat' dir='ltr'>cum</span> <span class='ocrx_word' id='word_1_69' title='bbox 1323 1323 1372 1386; x_wconf 93' lang='lat' dir='ltr'>sol</span> <span class='ocrx_word' id='word_1_70' title='bbox 1389 1322 1493 1386; x_wconf 94' lang='lat' dir='ltr'>volvit</span> 
     </span>
     <span class='ocr_line' id='line_1_24' title="bbox 1144 1419 1470 1495; baseline -0.009 -12"><span class='ocrx_word' id='word_1_71' title='bbox 1144 1438 1256 1483; x_wconf 90' lang='lat' dir='ltr'>annua</span> <span class='ocrx_word' id='word_1_72' title='bbox 1272 1419 1447 1482; x_wconf 88' lang='lat' dir='ltr'>sollemnia</span> <span class='ocrx_word' id='word_1_73' title='bbox 1464 1440 1470 1495; x_wconf 92' lang='lat'>;</span> 
     </span>
     <span class='ocr_line' id='line_1_25' title="bbox 1103 1514 1517 1590; baseline -0.005 -12"><span class='ocrx_word' id='word_1_74' title='bbox 1103 1515 1147 1578; x_wconf 90' lang='lat' dir='ltr'>Et</span> <span class='ocrx_word' id='word_1_75' title='bbox 1164 1535 1224 1578; x_wconf 92' lang='lat' dir='ltr'>nos</span> <span class='ocrx_word' id='word_1_76' title='bbox 1241 1515 1329 1578; x_wconf 93' lang='lat' dir='ltr'>idem</span> <span class='ocrx_word' id='word_1_77' title='bbox 1347 1514 1517 1590; x_wconf 82' lang='lat' dir='ltr'>faciamus,</span> 
     </span>
     <span class='ocr_line' id='line_1_26' title="bbox 1100 1611 1454 1674; baseline 0 -1"><span class='ocrx_word' id='word_1_78' title='bbox 1100 1611 1256 1674; x_wconf 86' lang='lat' dir='ltr'>Trinitati</span> <span class='ocrx_word' id='word_1_79' title='bbox 1273 1611 1454 1673; x_wconf 87' lang='lat' dir='ltr'>serviamus</span> 
     </span>
     <span class='ocr_line' id='line_1_27' title="bbox 1101 1708 1579 1791; baseline -0.004 -19"><span class='ocrx_word' id='word_1_80' title='bbox 1101 1719 1137 1772; x_wconf 93' lang='lat' dir='ltr'>ut</span> <span class='ocrx_word' id='word_1_81' title='bbox 1153 1709 1318 1772; x_wconf 87' lang='lat' dir='ltr'>Clementi</span> <span class='ocrx_word' id='word_1_82' title='bbox 1335 1708 1579 1791; x_wconf 90' lang='lat' dir='ltr'>coniungamur</span> 
     </span>
     <span class='ocr_line' id='line_1_28' title="bbox 1142 1804 1458 1886; baseline 0.006 -20"><span class='ocrx_word' id='word_1_83' title='bbox 1142 1805 1175 1868; x_wconf 90' lang='lat' dir='ltr'>in</span> <span class='ocrx_word' id='word_1_84' title='bbox 1192 1814 1326 1868; x_wconf 90' lang='lat' dir='ltr'>aeterna</span> <span class='ocrx_word' id='word_1_85' title='bbox 1343 1804 1458 1886; x_wconf 91' lang='lat' dir='ltr'>gloria.</span> 
     </span>
    </p>
   </div>
   <div class='ocr_carea' id='block_1_8' title="bbox 1144 1925 1524 2072">
    <p class='ocr_par' dir='ltr' id='par_1_11' title="bbox 1144 1925 1524 2072">
     <span class='ocr_line' id='line_1_29' title="bbox 1354 1925 1386 1971; baseline 0.031 -1"><span class='ocrx_word' id='word_1_86' title='bbox 1354 1925 1386 1971; x_wconf 89' lang='lat'>11</span> 
     </span>
     <span class='ocr_line' id='line_1_30' title="bbox 1144 2007 1524 2072; baseline 0.003 -2"><span class='ocrx_word' id='word_1_87' title='bbox 1144 2009 1255 2072; x_wconf 89' lang='lat' dir='ltr'>Arnen</span> <span class='ocrx_word' id='word_1_88' title='bbox 1273 2009 1387 2071; x_wconf 88' lang='lat' dir='ltr'>dicant</span> <span class='ocrx_word' id='word_1_89' title='bbox 1403 2007 1524 2072; x_wconf 91' lang='lat' dir='ltr'>omnia.</span> 
     </span>
    </p>
   </div>
   <div class='ocr_carea' id='block_1_9' title="bbox 427 2155 1688 2389">
    <p class='ocr_par' dir='ltr' id='par_1_12' title="bbox 427 2155 1688 2389">
     <span class='ocr_line' id='line_1_31' title="bbox 463 2155 1687 2224; baseline -0.007 -6"><span class='ocrx_word' id='word_1_90' title='bbox 463 2167 672 2218; x_wconf 64' lang='lat' dir='ltr'>manuscrits.</span> <span class='ocrx_word' id='word_1_91' title='bbox 696 2161 810 2213; x_wconf 77' lang='lat' dir='ltr'>Purus:</span> <span class='ocrx_word' id='word_1_92' title='bbox 832 2157 905 2212; x_wconf 89' lang='lat' dir='ltr'>Bibl.</span> <span class='ocrx_word' id='word_1_93' title='bbox 918 2159 994 2224; x_wconf 84' lang='lat' dir='ltr'>Nat,</span> <span class='ocrx_word' id='word_1_94' title='bbox 1013 2156 1103 2224; x_wconf 85' lang='lat'>16823,</span> <span class='ocrx_word' id='word_1_95' title='bbox 1114 2156 1213 2211; x_wconf 90' lang='lat' dir='ltr'>Missel</span> <span class='ocrx_word' id='word_1_96' title='bbox 1222 2157 1259 2210; x_wconf 87' lang='lat' dir='ltr'>de</span> <span class='ocrx_word' id='word_1_97' title='bbox 1268 2156 1515 2224; x_wconf 89' lang='lat' dir='ltr'>Saint-Corneille,</span> <span class='ocrx_word' id='word_1_98' title='bbox 1524 2155 1584 2209; x_wconf 59' lang='lat' dir='ltr'>xiiis</span> <span class='ocrx_word' id='word_1_99' title='bbox 1593 2155 1687 2224; x_wconf 74' lang='lat' dir='ltr'>siecle,</span> 
     </span>
     <span class='ocr_line' id='line_1_32' title="bbox 428 2235 1688 2311; baseline -0.006 -11"><span class='ocrx_word' id='word_1_100' title='bbox 428 2246 475 2308; x_wconf 85' lang='lat'>0,·</span> <span class='ocrx_word' id='word_1_101' title='bbox 507 2241 766 2311; x_wconf 88' lang='lat' dir='ltr'>17318,1deru,P,·</span> <span class='ocrx_word' id='word_1_102' title='bbox 800 2237 1053 2306; x_wconf 83' lang='lat' dir='ltr'>17319‚lderu‚Q;</span> <span class='ocrx_word' id='word_1_103' title='bbox 1088 2251 1181 2306; x_wconf 80' lang='lat'>17321,</span> <span class='ocrx_word' id='word_1_104' title='bbox 1197 2237 1286 2304; x_wconf 87' lang='lat' dir='ltr'>Idem,</span> <span class='ocrx_word' id='word_1_105' title='bbox 1301 2237 1348 2301; x_wconf 85' lang='lat' dir='ltr'>R,·</span> <span class='ocrx_word' id='word_1_106' title='bbox 1390 2235 1629 2305; x_wconf 87' lang='lat' dir='ltr'>17329‚Graduel</span> <span class='ocrx_word' id='word_1_107' title='bbox 1650 2235 1688 2292; x_wconf 90' lang='lat' dir='ltr'>de</span> 
     </span>
     <span class='ocr_line' id='line_1_33' title="bbox 427 2318 1186 2389; baseline -0.011 -9"><span class='ocrx_word' id='word_1_108' title='bbox 427 2322 673 2389; x_wconf 88' lang='lat' dir='ltr'>Saint-Comeille,</span> <span class='ocrx_word' id='word_1_109' title='bbox 686 2319 746 2373; x_wconf 88' lang='lat' dir='ltr'>xiii·</span> <span class='ocrx_word' id='word_1_110' title='bbox 756 2319 850 2386; x_wconf 76' lang='lat' dir='ltr'>siecle,</span> <span class='ocrx_word' id='word_1_111' title='bbox 865 2318 889 2370; x_wconf 87' lang='lat' dir='ltr'><em>S</em></span> <span class='ocrx_word' id='word_1_112' title='bbox 893 2337 909 2382; x_wconf 84' lang='lat'>,·</span> <span class='ocrx_word' id='word_1_113' title='bbox 943 2318 1035 2386; x_wconf 88' lang='lat'>16828,</span> <span class='ocrx_word' id='word_1_114' title='bbox 1049 2318 1137 2386; x_wconf 87' lang='lat' dir='ltr'>idem,</span> <span class='ocrx_word' id='word_1_115' title='bbox 1156 2319 1186 2372; x_wconf 90' lang='grc' dir='ltr'>Τ.</span> 
     </span>
    </p>
   </div>
   <div class='ocr_carea' id='block_1_10' title="bbox 426 2423 1688 2736">
    <p class='ocr_par' dir='ltr' id='par_1_13' title="bbox 463 2423 1217 2498">
     <span class='ocr_line' id='line_1_34' title="bbox 463 2423 1217 2498; baseline -0.005 -16"><span class='ocrx_word' id='word_1_116' title='bbox 463 2444 509 2498; x_wconf 83' lang='lat'>30</span> <span class='ocrx_word' id='word_1_117' title='bbox 541 2426 646 2482; x_wconf 91' lang='lat' dir='ltr'>Christi</span> <span class='ocrx_word' id='word_1_118' title='bbox 660 2425 770 2493; x_wconf 78' lang='lat' dir='ltr'>fulgens</span> <span class='ocrx_word' id='word_1_119' title='bbox 784 2424 813 2476; x_wconf 91' lang='lat' dir='ltr'>S.</span> <span class='ocrx_word' id='word_1_120' title='bbox 841 2428 862 2477; x_wconf 89' lang='lat' dir='ltr'>d</span> <span class='ocrx_word' id='word_1_121' title='bbox 891 2423 994 2476; x_wconf 87' lang='lat' dir='ltr'>multas</span> <span class='ocrx_word' id='word_1_122' title='bbox 1008 2433 1035 2477; x_wconf 92' lang='lat' dir='ltr'>et</span> <span class='ocrx_word' id='word_1_123' title='bbox 1048 2423 1170 2478; x_wconf 84' lang='lat' dir='ltr'>affabilis</span> <span class='ocrx_word' id='word_1_124' title='bbox 1185 2423 1217 2478; x_wconf 91' lang='lat'>0.</span> 
     </span>
    </p>

    <p class='ocr_par' dir='ltr' id='par_1_14' title="bbox 461 2503 1440 2576">
     <span class='ocr_line' id='line_1_35' title="bbox 461 2503 1440 2576; baseline -0.007 -13"><span class='ocrx_word' id='word_1_125' title='bbox 461 2514 513 2575; x_wconf 69' lang='lat' dir='ltr'>ud</span> <span class='ocrx_word' id='word_1_126' title='bbox 544 2522 667 2576; x_wconf 89' lang='lat' dir='ltr'>manque</span> <span class='ocrx_word' id='word_1_127' title='bbox 680 2506 751 2557; x_wconf 88' lang='lat' dir='ltr'>daus</span> <span class='ocrx_word' id='word_1_128' title='bbox 766 2505 795 2557; x_wconf 90' lang='lat' dir='ltr'>S.</span> <span class='ocrx_word' id='word_1_129' title='bbox 827 2519 848 2569; x_wconf 79' lang='lat' dir='ltr'>g</span> <span class='ocrx_word' id='word_1_130' title='bbox 878 2503 971 2557; x_wconf 91' lang='lat' dir='ltr'>cordis</span> <span class='ocrx_word' id='word_1_131' title='bbox 985 2503 1013 2556; x_wconf 91' lang='lat' dir='ltr'>in</span> <span class='ocrx_word' id='word_1_132' title='bbox 1027 2504 1057 2557; x_wconf 89' lang='lat' dir='ltr'>S.</span> <span class='ocrx_word' id='word_1_133' title='bbox 1071 2505 1102 2558; x_wconf 89' lang='lat' dir='ltr'>T.</span> <span class='ocrx_word' id='word_1_134' title='bbox 1135 2509 1157 2557; x_wconf 95' lang='lat' dir='ltr'>h</span> <span class='ocrx_word' id='word_1_135' title='bbox 1188 2521 1311 2573; x_wconf 87' lang='lat' dir='ltr'>mauque</span> <span class='ocrx_word' id='word_1_136' title='bbox 1324 2503 1396 2558; x_wconf 89' lang='lat' dir='ltr'>dans</span> <span class='ocrx_word' id='word_1_137' title='bbox 1410 2503 1440 2557; x_wconf 92' lang='lat' dir='ltr'>S.</span> 
     </span>
    </p>

    <p class='ocr_par' dir='ltr' id='par_1_15' title="bbox 426 2581 1688 2736">
     <span class='ocr_line' id='line_1_36' title="bbox 464 2581 1688 2656; baseline -0.003 -15"><span class='ocrx_word' id='word_1_138' title='bbox 464 2601 477 2656; x_wconf 85' lang='lat'>5</span> <span class='ocrx_word' id='word_1_139' title='bbox 499 2590 580 2641; x_wconf 89' lang='lat' dir='ltr'>Dans</span> <span class='ocrx_word' id='word_1_140' title='bbox 593 2586 619 2638; x_wconf 87' lang='lat' dir='ltr'>le</span> <span class='ocrx_word' id='word_1_141' title='bbox 633 2584 685 2637; x_wconf 86' lang='lat' dir='ltr'>Mt.</span> <span class='ocrx_word' id='word_1_142' title='bbox 704 2596 796 2650; x_wconf 82' lang='lat'>17329,</span> <span class='ocrx_word' id='word_1_143' title='bbox 810 2583 835 2636; x_wconf 91' lang='lat' dir='ltr'>le</span> <span class='ocrx_word' id='word_1_144' title='bbox 848 2591 923 2636; x_wconf 85' lang='lat' dir='ltr'>texte</span> <span class='ocrx_word' id='word_1_145' title='bbox 943 2583 979 2637; x_wconf 91' lang='lat' dir='ltr'>de</span> <span class='ocrx_word' id='word_1_146' title='bbox 996 2593 1071 2638; x_wconf 87' lang='lat' dir='ltr'>cette</span> <span class='ocrx_word' id='word_1_147' title='bbox 1093 2585 1181 2638; x_wconf 91' lang='lat' dir='ltr'>Prose</span> <span class='ocrx_word' id='word_1_148' title='bbox 1206 2593 1249 2638; x_wconf 88' lang='lat' dir='ltr'>est</span> <span class='ocrx_word' id='word_1_149' title='bbox 1268 2582 1324 2637; x_wconf 77' lang='lat' dir='ltr'>tres</span> <span class='ocrx_word' id='word_1_150' title='bbox 1346 2582 1477 2638; x_wconf 75' lang='lat' dir='ltr'>different</span> <span class='ocrx_word' id='word_1_151' title='bbox 1498 2581 1535 2637; x_wconf 90' lang='lat' dir='ltr'>de</span> <span class='ocrx_word' id='word_1_152' title='bbox 1548 2582 1619 2637; x_wconf 86' lang='lat' dir='ltr'>celui</span> <span class='ocrx_word' id='word_1_153' title='bbox 1632 2597 1688 2652; x_wconf 92' lang='lat' dir='ltr'>que</span> 
     </span>
     <span class='ocr_line' id='line_1_37' title="bbox 426 2661 1486 2736; baseline -0.004 -14"><span class='ocrx_word' id='word_1_154' title='bbox 426 2683 498 2722; x_wconf 90' lang='lat' dir='ltr'>nous</span> <span class='ocrx_word' id='word_1_155' title='bbox 511 2665 652 2736; x_wconf 89' lang='lat' dir='ltr'>publions,</span> <span class='ocrx_word' id='word_1_156' title='bbox 665 2661 766 2732; x_wconf 86' lang='lat' dir='ltr'>depuis</span> <span class='ocrx_word' id='word_1_157' title='bbox 779 2661 807 2716; x_wconf 91' lang='lat' dir='ltr'>la</span> <span class='ocrx_word' id='word_1_158' title='bbox 815 2662 931 2731; x_wconf 88' lang='lat' dir='ltr'>strophe</span> <span class='ocrx_word' id='word_1_159' title='bbox 946 2675 959 2730; x_wconf 84' lang='lat'>5</span> <span class='ocrx_word' id='word_1_160' title='bbox 971 2663 1082 2733; x_wconf 76' lang='lat' dir='ltr'>jusqu’a</span> <span class='ocrx_word' id='word_1_161' title='bbox 1095 2664 1123 2718; x_wconf 86' lang='lat' dir='ltr'>la</span> <span class='ocrx_word' id='word_1_162' title='bbox 1136 2663 1181 2718; x_wconf 86' lang='lat' dir='ltr'>fin.</span> <span class='ocrx_word' id='word_1_163' title='bbox 1215 2665 1260 2718; x_wconf 89' lang='lat' dir='ltr'>On</span> <span class='ocrx_word' id='word_1_164' title='bbox 1274 2681 1292 2733; x_wconf 83' lang='lat' dir='ltr'>y</span> <span class='ocrx_word' id='word_1_165' title='bbox 1305 2663 1336 2718; x_wconf 91' lang='lat' dir='ltr'>lit</span> <span class='ocrx_word' id='word_1_166' title='bbox 1349 2679 1384 2718; x_wconf 88' lang='lat' dir='ltr'>en</span> <span class='ocrx_word' id='word_1_167' title='bbox 1398 2662 1463 2719; x_wconf 86' lang='lat' dir='ltr'>effet</span> <span class='ocrx_word' id='word_1_168' title='bbox 1480 2682 1486 2718; x_wconf 95' lang='lat'>:</span> 
     </span>
    </p>
   </div>
   <div class='ocr_carea' id='block_1_11' title="bbox 535 2779 938 2903">
    <p class='ocr_par' dir='ltr' id='par_1_16' title="bbox 535 2779 938 2903">
     <span class='ocr_line' id='line_1_38' title="bbox 535 2779 938 2903; baseline -0.007 0"><span class='ocrx_word' id='word_1_169' title='bbox 535 2850 660 2903; x_wconf 89' lang='lat' dir='ltr'>Domum</span> <span class='ocrx_word' id='word_1_170' title='bbox 680 2779 786 2900; x_wconf 69' lang='lat' dir='ltr'>tranlus</span> <span class='ocrx_word' id='word_1_171' title='bbox 805 2845 938 2900; x_wconf 88' lang='lat' dir='ltr'>manibus</span> 
     </span>
    </p>
   </div>
   <div class='ocr_carea' id='block_1_12' title="bbox 531 2925 888 4413">
    <p class='ocr_par' dir='ltr' id='par_1_17' title="bbox 531 2925 888 3853">
     <span class='ocr_line' id='line_1_39' title="bbox 533 2925 873 3000; baseline -0.006 -18"><span class='ocrx_word' id='word_1_172' title='bbox 533 2943 624 3000; x_wconf 90' lang='lat' dir='ltr'>papae</span> <span class='ocrx_word' id='word_1_173' title='bbox 643 2925 736 2980; x_wconf 89' lang='lat' dir='ltr'>saevis</span> <span class='ocrx_word' id='word_1_174' title='bbox 754 2925 873 2980; x_wconf 88' lang='lat' dir='ltr'>nexibus</span> 
     </span>
     <span class='ocr_line' id='line_1_40' title="bbox 532 3004 765 3072; baseline -0.013 -11"><span class='ocrx_word' id='word_1_175' title='bbox 532 3007 656 3061; x_wconf 88' lang='lat' dir='ltr'>minatur</span> <span class='ocrx_word' id='word_1_176' title='bbox 673 3004 765 3072; x_wconf 89' lang='lat' dir='ltr'>exitia,</span> 
     </span>
     <span class='ocr_line' id='line_1_41' title="bbox 533 3083 888 3151; baseline -0.014 -9"><span class='ocrx_word' id='word_1_177' title='bbox 533 3087 591 3142; x_wconf 90' lang='lat' dir='ltr'>Sed</span> <span class='ocrx_word' id='word_1_178' title='bbox 610 3101 754 3139; x_wconf 90' lang='lat' dir='ltr'>servorum</span> <span class='ocrx_word' id='word_1_179' title='bbox 774 3083 888 3151; x_wconf 89' lang='lat' dir='ltr'>viribus,</span> 
     </span>
     <span class='ocr_line' id='line_1_42' title="bbox 533 3163 855 3234; baseline -0.009 -13"><span class='ocrx_word' id='word_1_180' title='bbox 533 3164 686 3221; x_wconf 87' lang='lat' dir='ltr'>contractis</span> <span class='ocrx_word' id='word_1_181' title='bbox 705 3163 855 3234; x_wconf 89' lang='lat' dir='ltr'>lapidibus,</span> 
     </span>
     <span class='ocr_line' id='line_1_43' title="bbox 531 3242 779 3300; baseline -0.008 -2"><span class='ocrx_word' id='word_1_182' title='bbox 531 3245 635 3300; x_wconf 89' lang='lat' dir='ltr'>luditur</span> <span class='ocrx_word' id='word_1_183' title='bbox 654 3242 779 3298; x_wconf 88' lang='lat' dir='ltr'>saevitia.</span> 
     </span>
     <span class='ocr_line' id='line_1_44' title="bbox 533 3400 779 3459; baseline -0.02 -1"><span class='ocrx_word' id='word_1_184' title='bbox 533 3403 638 3459; x_wconf 88' lang='lat' dir='ltr'>Uxoris</span> <span class='ocrx_word' id='word_1_185' title='bbox 658 3400 779 3455; x_wconf 85' lang='lat' dir='ltr'>fidelitas</span> 
     </span>
     <span class='ocr_line' id='line_1_45' title="bbox 531 3479 816 3538; baseline -0.021 0"><span class='ocrx_word' id='word_1_186' title='bbox 531 3493 559 3538; x_wconf 92' lang='lat' dir='ltr'>et</span> <span class='ocrx_word' id='word_1_187' title='bbox 578 3483 694 3536; x_wconf 88' lang='lat' dir='ltr'>robusta</span> <span class='ocrx_word' id='word_1_188' title='bbox 714 3479 816 3534; x_wconf 87' lang='lat' dir='ltr'>caritas</span> 
     </span>
     <span class='ocr_line' id='line_1_46' title="bbox 532 3558 834 3626; baseline -0.013 -11"><span class='ocrx_word' id='word_1_189' title='bbox 532 3563 592 3615; x_wconf 92' lang='lat' dir='ltr'>viro</span> <span class='ocrx_word' id='word_1_190' title='bbox 612 3562 680 3614; x_wconf 90' lang='lat' dir='ltr'>dant</span> <span class='ocrx_word' id='word_1_191' title='bbox 700 3558 834 3626; x_wconf 85' lang='lat' dir='ltr'>remedia,</span> 
     </span>
     <span class='ocr_line' id='line_1_47' title="bbox 536 3638 830 3705; baseline -0.014 -11"><span class='ocrx_word' id='word_1_192' title='bbox 536 3641 651 3694; x_wconf 85' lang='lat' dir='ltr'>Pellitur</span> <span class='ocrx_word' id='word_1_193' title='bbox 670 3638 830 3705; x_wconf 89' lang='lat' dir='ltr'>crudelitas,</span> 
     </span>
     <span class='ocr_line' id='line_1_48' title="bbox 533 3717 798 3787; baseline -0.004 -15"><span class='ocrx_word' id='word_1_194' title='bbox 533 3721 689 3774; x_wconf 89' lang='lat' dir='ltr'>honoratur</span> <span class='ocrx_word' id='word_1_195' title='bbox 707 3717 798 3787; x_wconf 90' lang='lat' dir='ltr'>pietas</span> 
     </span>
     <span class='ocr_line' id='line_1_49' title="bbox 533 3797 780 3853; baseline -0.004 0"><span class='ocrx_word' id='word_1_196' title='bbox 533 3799 598 3853; x_wconf 88' lang='lat' dir='ltr'>fidei</span> <span class='ocrx_word' id='word_1_197' title='bbox 612 3797 780 3853; x_wconf 88' lang='lat' dir='ltr'>constantia.</span> 
     </span>
    </p>

    <p class='ocr_par' dir='ltr' id='par_1_18' title="bbox 531 3891 821 4413">
     <span class='ocr_line' id='line_1_50' title="bbox 731 3891 745 3943; baseline 0 0"><span class='ocrx_word' id='word_1_198' title='bbox 731 3891 745 3943; x_wconf 92' lang='grc'>7</span> 
     </span>
     <span class='ocr_line' id='line_1_51' title="bbox 534 3957 741 4028; baseline -0.01 -16"><span class='ocrx_word' id='word_1_199' title='bbox 534 3959 632 4028; x_wconf 88' lang='lat' dir='ltr'>Populi</span> <span class='ocrx_word' id='word_1_200' title='bbox 652 3957 741 4027; x_wconf 89' lang='lat' dir='ltr'>litigio</span> 
     </span>
     <span class='ocr_line' id='line_1_52' title="bbox 532 4037 792 4108; baseline 0 -17"><span class='ocrx_word' id='word_1_201' title='bbox 532 4038 667 4108; x_wconf 90' lang='lat' dir='ltr'>premitur</span> <span class='ocrx_word' id='word_1_202' title='bbox 685 4037 792 4105; x_wconf 86' lang='lat' dir='ltr'>religio,</span> 
     </span>
     <span class='ocr_line' id='line_1_53' title="bbox 531 4116 802 4187; baseline 0 -15"><span class='ocrx_word' id='word_1_203' title='bbox 531 4126 666 4187; x_wconf 84' lang='lat' dir='ltr'>parantur</span> <span class='ocrx_word' id='word_1_204' title='bbox 684 4116 802 4185; x_wconf 82' lang='lat' dir='ltr'>exsilia3</span> 
     </span>
     <span class='ocr_line' id='line_1_54' title="bbox 533 4195 821 4267; baseline 0.007 -17"><span class='ocrx_word' id='word_1_205' title='bbox 533 4198 610 4267; x_wconf 83' lang='lat' dir='ltr'>Papa</span> <span class='ocrx_word' id='word_1_206' title='bbox 629 4197 682 4250; x_wconf 91' lang='lat' dir='ltr'>sub</span> <span class='ocrx_word' id='word_1_207' title='bbox 701 4195 821 4265; x_wconf 89' lang='lat' dir='ltr'>imperio</span> 
     </span>
     <span class='ocr_line' id='line_1_55' title="bbox 531 4275 784 4346; baseline 0 -16"><span class='ocrx_word' id='word_1_208' title='bbox 531 4276 642 4331; x_wconf 89' lang='lat' dir='ltr'>ducitur</span> <span class='ocrx_word' id='word_1_209' title='bbox 661 4275 784 4346; x_wconf 88' lang='lat' dir='ltr'>navigio,</span> 
     </span>
     <span class='ocr_line' id='line_1_56' title="bbox 531 4353 821 4413; baseline 0.01 -3"><span class='ocrx_word' id='word_1_210' title='bbox 531 4367 641 4412; x_wconf 89' lang='lat' dir='ltr'>moesta</span> <span class='ocrx_word' id='word_1_211' title='bbox 660 4355 689 4408; x_wconf 90' lang='lat' dir='ltr'>fit</span> <span class='ocrx_word' id='word_1_212' title='bbox 708 4353 821 4413; x_wconf 87' lang='lat' dir='ltr'>vicinia.</span> 
     </span>
    </p>
   </div>
   <div class='ocr_carea' id='block_1_13' title="bbox 1034 4451 1061 4489">
    <p class='ocr_par' dir='ltr' id='par_1_19' title="bbox 1034 4451 1061 4489">
     <span class='ocr_line' id='line_1_57' title="bbox 1034 4451 1061 4489; baseline -0.037 0"><span class='ocrx_word' id='word_1_213' title='bbox 1034 4451 1061 4489; x_wconf 88' lang='lat' dir='ltr'>lt</span> 
     </span>
    </p>
   </div>
   <div class='ocr_carea' id='block_1_14' title="bbox 1364 2769 1380 2821">
    <p class='ocr_par' dir='ltr' id='par_1_20' title="bbox 1364 2769 1380 2821">
     <span class='ocr_line' id='line_1_58' title="bbox 1364 2769 1380 2821; baseline 0 0"><span class='ocrx_word' id='word_1_214' title='bbox 1364 2769 1380 2821; x_wconf 91' lang='lat'><em>8</em></span> 
     </span>
    </p>
   </div>
   <div class='ocr_carea' id='block_1_15' title="bbox 1162 2847 1513 4412">
    <p class='ocr_par' dir='ltr' id='par_1_21' title="bbox 1162 2847 1513 3872">
     <span class='ocr_line' id='line_1_59' title="bbox 1165 2847 1489 2902; baseline -0.003 0"><span class='ocrx_word' id='word_1_215' title='bbox 1165 2847 1369 2902; x_wconf 82' lang='lat' dir='ltr'>Confessorum</span> <span class='ocrx_word' id='word_1_216' title='bbox 1389 2849 1489 2902; x_wconf 87' lang='lat' dir='ltr'>concio</span> 
     </span>
     <span class='ocr_line' id='line_1_60' title="bbox 1164 2926 1484 2996; baseline 0 -16"><span class='ocrx_word' id='word_1_217' title='bbox 1164 2943 1249 2996; x_wconf 90' lang='lat' dir='ltr'>quam</span> <span class='ocrx_word' id='word_1_218' title='bbox 1269 2938 1349 2995; x_wconf 89' lang='lat' dir='ltr'>urget</span> <span class='ocrx_word' id='word_1_219' title='bbox 1369 2926 1484 2980; x_wconf 88' lang='lat' dir='ltr'>afflictio</span> 
     </span>
     <span class='ocr_line' id='line_1_61' title="bbox 1164 3005 1378 3076; baseline 0.005 -18"><span class='ocrx_word' id='word_1_220' title='bbox 1164 3005 1254 3060; x_wconf 86' lang='lat' dir='ltr'>laticis</span> <span class='ocrx_word' id='word_1_221' title='bbox 1274 3005 1378 3076; x_wconf 89' lang='lat' dir='ltr'>inopia,</span> 
     </span>
     <span class='ocr_line' id='line_1_62' title="bbox 1167 3085 1493 3142; baseline 0.012 -5"><span class='ocrx_word' id='word_1_222' title='bbox 1167 3086 1228 3138; x_wconf 92' lang='lat' dir='ltr'>Iam</span> <span class='ocrx_word' id='word_1_223' title='bbox 1249 3086 1396 3142; x_wconf 88' lang='lat' dir='ltr'>Clemente</span> <span class='ocrx_word' id='word_1_224' title='bbox 1416 3085 1493 3141; x_wconf 92' lang='lat' dir='ltr'>socio</span> 
     </span>
     <span class='ocr_line' id='line_1_63' title="bbox 1163 3164 1484 3235; baseline 0.003 -17"><span class='ocrx_word' id='word_1_225' title='bbox 1163 3164 1269 3233; x_wconf 86' lang='lat' dir='ltr'>gaudet</span> <span class='ocrx_word' id='word_1_226' title='bbox 1288 3164 1316 3218; x_wconf 93' lang='lat' dir='ltr'>in</span> <span class='ocrx_word' id='word_1_227' title='bbox 1336 3165 1484 3235; x_wconf 91' lang='lat' dir='ltr'>supplicio,</span> 
     </span>
     <span class='ocr_line' id='line_1_64' title="bbox 1162 3244 1444 3316; baseline 0.011 -19"><span class='ocrx_word' id='word_1_228' title='bbox 1162 3244 1230 3298; x_wconf 88' lang='lat' dir='ltr'>data</span> <span class='ocrx_word' id='word_1_229' title='bbox 1249 3244 1335 3298; x_wconf 84' lang='lat' dir='ltr'>sontis</span> <span class='ocrx_word' id='word_1_230' title='bbox 1354 3245 1444 3316; x_wconf 90' lang='lat' dir='ltr'>copia.</span> 
     </span>
     <span class='ocr_line' id='line_1_65' title="bbox 1164 3397 1513 3460; baseline 0.014 -5"><span class='ocrx_word' id='word_1_231' title='bbox 1164 3402 1249 3456; x_wconf 89' lang='lat' dir='ltr'>Fides</span> <span class='ocrx_word' id='word_1_232' title='bbox 1270 3397 1375 3458; x_wconf 87' lang='lat' dir='ltr'>Christi</span> <span class='ocrx_word' id='word_1_233' title='bbox 1394 3405 1513 3460; x_wconf 90' lang='lat' dir='ltr'>traditur</span> 
     </span>
     <span class='ocr_line' id='line_1_66' title="bbox 1162 3481 1508 3554; baseline 0.006 -18"><span class='ocrx_word' id='word_1_234' title='bbox 1162 3493 1190 3536; x_wconf 92' lang='lat' dir='ltr'>et</span> <span class='ocrx_word' id='word_1_235' title='bbox 1210 3481 1352 3552; x_wconf 88' lang='lat' dir='ltr'>baptismo</span> <span class='ocrx_word' id='word_1_236' title='bbox 1389 3484 1508 3554; x_wconf 88' lang='lat' dir='ltr'>tergitur</span> 
     </span>
     <span class='ocr_line' id='line_1_67' title="bbox 1163 3562 1486 3633; baseline 0.009 -17"><span class='ocrx_word' id='word_1_237' title='bbox 1163 3562 1312 3616; x_wconf 87' lang='lat' dir='ltr'>criminum</span> <span class='ocrx_word' id='word_1_238' title='bbox 1332 3565 1486 3633; x_wconf 86' lang='lat' dir='ltr'>spurcitia;</span> 
     </span>
     <span class='ocr_line' id='line_1_68' title="bbox 1166 3642 1486 3714; baseline 0.013 -20"><span class='ocrx_word' id='word_1_239' title='bbox 1166 3643 1275 3710; x_wconf 87' lang='lat' dir='ltr'>Martyr</span> <span class='ocrx_word' id='word_1_240' title='bbox 1294 3642 1360 3696; x_wconf 91' lang='lat' dir='ltr'>inde</span> <span class='ocrx_word' id='word_1_241' title='bbox 1379 3643 1486 3714; x_wconf 85' lang='lat' dir='ltr'>rapitur</span> 
     </span>
     <span class='ocr_line' id='line_1_69' title="bbox 1164 3723 1494 3793; baseline 0.015 -20"><span class='ocrx_word' id='word_1_242' title='bbox 1164 3737 1287 3791; x_wconf 88' lang='lat' dir='ltr'>aequore</span> <span class='ocrx_word' id='word_1_243' title='bbox 1306 3723 1494 3793; x_wconf 90' lang='lat' dir='ltr'>submergitur</span> 
     </span>
     <span class='ocr_line' id='line_1_70' title="bbox 1163 3800 1450 3872; baseline 0.014 -19"><span class='ocrx_word' id='word_1_244' title='bbox 1163 3800 1298 3871; x_wconf 86' lang='lat' dir='ltr'>principis</span> <span class='ocrx_word' id='word_1_245' title='bbox 1317 3803 1450 3872; x_wconf 89' lang='lat' dir='ltr'>nequitia.</span> 
     </span>
    </p>

    <p class='ocr_par' dir='ltr' id='par_1_22' title="bbox 1163 3895 1475 4412">
     <span class='ocr_line' id='line_1_71' title="bbox 1362 3895 1394 3934; baseline 0.031 -1"><span class='ocrx_word' id='word_1_246' title='bbox 1362 3895 1394 3934; x_wconf 90' lang='lat'>10</span> 
     </span>
     <span class='ocr_line' id='line_1_72' title="bbox 1166 3960 1448 4030; baseline 0.014 -18"><span class='ocrx_word' id='word_1_247' title='bbox 1166 3961 1286 4029; x_wconf 88' lang='lat' dir='ltr'>Pelagus</span> <span class='ocrx_word' id='word_1_248' title='bbox 1305 3960 1448 4030; x_wconf 89' lang='lat' dir='ltr'>dividitur,</span> 
     </span>
     <span class='ocr_line' id='line_1_73' title="bbox 1163 4039 1475 4108; baseline 0.01 -16"><span class='ocrx_word' id='word_1_249' title='bbox 1163 4039 1204 4092; x_wconf 87' lang='lat' dir='ltr'>vis</span> <span class='ocrx_word' id='word_1_250' title='bbox 1225 4051 1342 4094; x_wconf 84' lang='lat' dir='ltr'>naturae</span> <span class='ocrx_word' id='word_1_251' title='bbox 1361 4040 1475 4108; x_wconf 88' lang='lat' dir='ltr'>tollitur,</span> 
     </span>
     <span class='ocr_line' id='line_1_74' title="bbox 1164 4118 1457 4190; baseline 0.017 -19"><span class='ocrx_word' id='word_1_252' title='bbox 1164 4118 1235 4172; x_wconf 86' lang='lat' dir='ltr'>freta</span> <span class='ocrx_word' id='word_1_253' title='bbox 1254 4119 1323 4173; x_wconf 85' lang='lat' dir='ltr'>fiunt</span> <span class='ocrx_word' id='word_1_254' title='bbox 1341 4121 1457 4190; x_wconf 90' lang='lat' dir='ltr'>pervia;</span> 
     </span>
     <span class='ocr_line' id='line_1_75' title="bbox 1165 4198 1470 4268; baseline 0.013 -18"><span class='ocrx_word' id='word_1_255' title='bbox 1165 4199 1287 4268; x_wconf 88' lang='lat' dir='ltr'>Populus</span> <span class='ocrx_word' id='word_1_256' title='bbox 1307 4198 1470 4268; x_wconf 88' lang='lat' dir='ltr'>ingreditur,</span> 
     </span>
     <span class='ocr_line' id='line_1_76' title="bbox 1163 4277 1448 4333; baseline 0.004 -2"><span class='ocrx_word' id='word_1_257' title='bbox 1163 4295 1197 4331; x_wconf 89' lang='lat' dir='ltr'>ac</span> <span class='ocrx_word' id='word_1_258' title='bbox 1216 4277 1332 4333; x_wconf 90' lang='lat' dir='ltr'>laudare</span> <span class='ocrx_word' id='word_1_259' title='bbox 1351 4279 1448 4332; x_wconf 89' lang='lat' dir='ltr'>nititur</span> 
     </span>
     <span class='ocr_line' id='line_1_77' title="bbox 1165 4356 1437 4412; baseline 0 0"><span class='ocrx_word' id='word_1_260' title='bbox 1165 4356 1269 4412; x_wconf 89' lang='lat' dir='ltr'>Christi</span> <span class='ocrx_word' id='word_1_261' title='bbox 1289 4357 1437 4412; x_wconf 90' lang='lat' dir='ltr'>mirabilia.</span> 
     </span>
    </p>
   </div>
   <div class='ocr_carea' id='block_1_16' title="bbox 833 4519 1243 4976">
    <p class='ocr_par' dir='ltr' id='par_1_23' title="bbox 833 4519 1243 4976">
     <span class='ocr_line' id='line_1_78' title="bbox 837 4519 1243 4574; baseline 0.002 -2"><span class='ocrx_word' id='word_1_262' title='bbox 837 4520 898 4573; x_wconf 86' lang='lat' dir='ltr'>Nos</span> <span class='ocrx_word' id='word_1_263' title='bbox 917 4529 1110 4574; x_wconf 89' lang='lat' dir='ltr'>transvectum</span> <span class='ocrx_word' id='word_1_264' title='bbox 1129 4519 1243 4574; x_wconf 87' lang='lat' dir='ltr'>aethere</span> 
     </span>
     <span class='ocr_line' id='line_1_79' title="bbox 834 4615 1143 4669; baseline 0.006 -19"><span class='ocrx_word' id='word_1_265' title='bbox 834 4615 1038 4669; x_wconf 87' lang='lat' dir='ltr'>prosequamur</span> <span class='ocrx_word' id='word_1_266' title='bbox 1058 4615 1143 4668; x_wconf 90' lang='lat' dir='ltr'>opere</span> 
     </span>
     <span class='ocr_line' id='line_1_80' title="bbox 835 4678 1199 4747; baseline 0 -15"><span class='ocrx_word' id='word_1_267' title='bbox 835 4678 1012 4733; x_wconf 89' lang='lat' dir='ltr'>Clementem</span> <span class='ocrx_word' id='word_1_268' title='bbox 1031 4679 1069 4732; x_wconf 84' lang='lat' dir='ltr'>ad</span> <span class='ocrx_word' id='word_1_269' title='bbox 1087 4678 1199 4747; x_wconf 84' lang='lat' dir='ltr'>gaudia,</span> 
     </span>
     <span class='ocr_line' id='line_1_81' title="bbox 835 4761 1187 4828; baseline 0.009 -15"><span class='ocrx_word' id='word_1_270' title='bbox 835 4761 898 4828; x_wconf 83' lang='lat' dir='ltr'>Quo</span> <span class='ocrx_word' id='word_1_271' title='bbox 918 4762 1062 4816; x_wconf 88' lang='lat' dir='ltr'>subtracto</span> <span class='ocrx_word' id='word_1_272' title='bbox 1081 4761 1187 4816; x_wconf 89' lang='lat' dir='ltr'>scelere</span> 
     </span>
     <span class='ocr_line' id='line_1_82' title="bbox 834 4839 1125 4909; baseline 0.014 -18"><span class='ocrx_word' id='word_1_273' title='bbox 834 4839 989 4909; x_wconf 86' lang='lat' dir='ltr'>septiformi</span> <span class='ocrx_word' id='word_1_274' title='bbox 1009 4857 1125 4896; x_wconf 88' lang='lat' dir='ltr'>munere</span> 
     </span>
     <span class='ocr_line' id='line_1_83' title="bbox 833 4917 1190 4976; baseline 0.014 -6"><span class='ocrx_word' id='word_1_275' title='bbox 833 4917 983 4975; x_wconf 88' lang='lat' dir='ltr'>dicamus:</span> <span class='ocrx_word' id='word_1_276' title='bbox 1003 4919 1161 4976; x_wconf 85' lang='lat' dir='ltr'>“Alleluia</span> <span class='ocrx_word' id='word_1_277' title='bbox 1177 4924 1190 4951; x_wconf 86' lang='lat'>’²</span> 
     </span>
    </p>
   </div>
   <div class='ocr_carea' id='block_1_17' title="bbox 0 0 2056 5792">
    <p class='ocr_par' dir='ltr' id='par_1_24' title="bbox 0 0 2056 5792">
     <span class='ocr_line' id='line_1_84' title="bbox 0 0 2056 5792; baseline 0 0"><span class='ocrx_word' id='word_1_278' title='bbox 0 0 2056 5792; x_wconf 95' lang='lat' dir='ltr'> </span> 
     </span>
    </p>
   </div>
  </div>
 </body>
</html>
