4102 5792
640 541 781 591 PROSAE
809 539 1012 592 ECCLESIAE
1037 541 1278 594 REDONENSIS
1510 545 1584 615 443

492 785 575 856 310.
610 762 682 834 os.
714 733 916 834 snmus
945 761 1185 836 snucrrs
1219 761 1430 838 ussus.

353 1029 377 1076 1.
402 1011 457 1075 Ex
474 1009 578 1074 Anna
593 1017 645 1074 est
659 1019 733 1074 orta
749 1007 924 1092 splendida
941 1010 1042 1073 maris
1059 1009 1164 1087 steila,

347 1123 374 1172 2.
399 1105 562 1172 Exaitata
577 1123 679 1188 supra
694 1105 803 1170 sidera
817 1103 901 1170 caeli
917 1114 1047 1184 cuncta,

351 1219 377 1284 3.
401 1201 518 1266 Trium
535 1209 726 1266 sanctarum
743 1219 892 1266 sororum
910 1200 1067 1283 primitia,

346 1317 375 1378 4
398 1297 596 1364 christifera
614 1315 746 1378 semper
761 1298 970 1371 intemerata,

347 1407 372 1474 5.
399 1393 548 1457 ioachim
567 1391 634 1456 filia
650 1391 768 1458 Maria.

344 1489 373 1554 6.
398 1489 454 1553 Ex
472 1489 576 1552 Anna
591 1487 654 1552 suit
670 1497 749 1552 nata
765 1490 920 1566 secunda,

345 1599 374 1665 7.
399 1585 641 1668 Apostolorum
660 1583 761 1648 trium
777 1581 930 1662 secunda,

346 1681 373 1744 8.
399 1679 445 1744 Et
460 1678 559 1744 beata
575 1677 734 1763 prolifica,

343 1791 372 1854 9.
397 1773 568 1858 Cleophae
585 1773 652 1838 filia
669 1775 787 1841 Maria.

327 1883 373 1934 to.
399 1869 454 1934 Ex
470 1871 574 1935 Anna
590 1871 688 1936 tertia
705 1881 755 1936 est
779 1871 876 1936 nobis
892 1874 993 1948 edita,
1019 1873 1181 1936 Iohannis
1196 1871 1264 1955 'qui
1293 1873 1376 1936 tuba
1404 1880 1454 1935 est
1482 1891 1581 1936 evan-

452 1967 568 2050 getica,

327 2077 372 2126 11.
398 2063 443 2126 Et
460 2063 595 2128 maioris
614 2063 726 2129 Iacobi
743 2063 891 2147 genitrix
908 2063 1045 2147 inclyta,

327 2173 372 2222 12.
398 2157 436 2222 in
453 2158 625 2242 sepultura
640 2158 765 2224 Christi
781 2159 932 2224 sollicita.

327 2268 372 2333 13.
395 2252 532 2320 Saiome
548 2251 615 2318 filia
632 2255 748 2319 Maria.
767 2255 844 2318 Hae
860 2265 927 2319 tres
942 2274 1070 2318 sorores
1086 2254 1254 2338 praecelsa
1265 2252 1390 2320 Christi
1404 2253 1474 2318 iure
1490 2253 1580 2336 pala·

450 2349 498 2414 tia
513 2349 703 2414 hereditant
719 2351 877 2432 empirea,

327 2463 371 2528 14
394 2449 492 2532 Quae
510 2448 711 2514 Sanctorum
728 2459 805 2513 sunt
821 2449 929 2532 patria
946 2469 954 2528 ;

327 2559 373 2626 15.
397 2545 466 2611 Ubi
484 2565 550 2610 una
567 2547 770 2629 sempiterna
786 2545 940 2610 fruuntur
954 2545 1068 2628 gioria.

356 2715 374 2770 6
392 2725 460 2771 nata
472 2715 524 2772 fuit
536 2717 682 2772 Pictaven.
695 2716 833 2772 Redonen.

343 2809 374 2849 ιο
391 2795 485 2851 edicta
499 2797 671 2853 Maclovien.

341 2887 371 2930 12
389 2875 438 2946 pia
451 2876 556 2932 Christi
570 2877 714 2933 pictaven.
725 2875 863 2931 Redones.

341 2967 371 3023 13
390 2953 445 3010 hae
457 2971 581 3028 masque
605 2957 677 3012 dans
697 2956 842 3010 Pictaven.
864 2965 892 3010 et
914 2953 1051 3008 Redonen.
1083 2953 1261 3008 haereditant
1287 2953 1406 3025 imperia
1428 2952 1575 3006 Pictaven.

320 3033 459 3091 Redonen.

471 3301 553 3370 311.
588 3277 644 3350 IN
681 3276 1036 3352 NATIVITATE
1069 3276 1107 3350 S.
1133 3275 1418 3350 IOHANNIS

784 3409 1108 3484 BAPTISTAE.

627 3635 637 3680 ¹
1254 3633 1271 3696 3

362 3751 586 3819 Praecursoris
602 3765 635 3820 et
651 3757 825 3840 Baptistae
993 3757 1124 3839 Lingua
1141 3765 1255 3818 tacens
1272 3753 1370 3817 finem
1390 3753 1481 3836 legis,

361 3850 461 3933 digne
478 3871 540 3915 nos
555 3851 710 3933 gaudere,
727 3851 868 3929 Christe,
991 3851 1131 3935 loquens
1147 3859 1243 3914 notat
1260 3851 1336 3913 novi
1355 3849 1458 3931 Regis

403 3955 536 4029 praesta
553 3947 705 4011 natalitio
721 3967 729 4026 ;
1033 3947 1161 4030 gratiae
1177 3946 1308 4010 initium
1323 3966 1331 4024 ;

361 4041 464 4107 Cuius
480 4042 587 4107 muita
603 4044 798 4108 adnotanda
992 4043 1096 4109 Cuius
1112 4063 1147 4106 se
1163 4052 1357 4125 promptum
1378 4041 1577 4104 monstravit

361 4147 393 4202 et
409 4137 590 4221 plurimum
608 4139 805 4203 admiranda
991 4157 1190 4222 praeconem
1206 4157 1282 4200 cum
1296 4135 1481 4200 exsultavit

402 4233 501 4298 docet
517 4235 697 4316 generatio.
1036 4234 1151 4298 matris
1168 4234 1255 4297 intra
1270 4233 1445 4316 gremium.

622 4389 640 4434 ²
1250 4387 1272 4450 4

360 4507 393 4573 A
408 4508 544 4574 senibus
559 4521 752 4592 procreatus
994 4511 1094 4574 Hunc
1114 4510 1301 4574 iohannem
1319 4509 1506 4574 nominavit

360 4603 467 4668 innuit
482 4605 574 4688 quod
592 4603 666 4669 finis
682 4606 780 4671 datus
990 4606 1139 4689 angelus,
1155 4617 1188 4670 et
1205 4605 1365 4670 indicavit

400 4709 451 4764 est
467 4700 532 4784 legi
550 4701 729 4780 Mosaicae,
1034 4702 1222 4766 vocandum
1240 4700 1434 4784 parentibus
1448 4721 1456 4778 ;

358 4797 447 4878 quod
465 4795 618 4879 loquelae
632 4797 816 4862 subtractio
990 4796 1100 4880 Quem
1119 4796 1213 4860 Deus
1228 4794 1458 4874 sanctificavit,

359 4891 463 4973 patris
480 4892 607 4975 probat,
622 4911 718 4975 quae,
735 4891 803 4957 filio
991 4893 1022 4955 in
1040 4902 1156 4958 ventre
1172 4892 1435 4975 praedestinavit

401 4996 491 5065 nato,
507 4987 593 5052 redit
609 4985 754 5053 mirifice.
1031 4987 1229 5072 prophetam
1247 4987 1280 5051 in
1297 4987 1462 5070 gentibus.
