4102 5790
567 531 710 581 mosas
737 531 941 582 accuasms
969 533 1261 586 aaaronuausrs
1490 522 1557 610 163

463 799 542 850 110.
576 775 651 848 DE
681 775 719 848 S.
737 775 947 850 THOMA
979 777 1423 886 HERFORDENSI.

606 1042 618 1088 1

365 1173 509 1255 Magnae
526 1172 633 1235 lucem
651 1171 833 1250 charitatis,

365 1270 467 1332 mirae
483 1267 603 1330 ducem
620 1269 780 1352 veritatis,

404 1364 574 1427 hominem
592 1364 781 1446 angelicum

363 1460 603 1526 Collaudantes
619 1481 825 1540 veneremur,

362 1567 540 1638 operantes
557 1557 727 1619 imitemur

404 1652 573 1714 Thomam
591 1652 812 1736 apostolicum
829 1674 836 1732 ;

601 1818 619 1864 2

363 1945 417 2011 Ob
433 1967 581 2011 amorem
598 1949 806 2030 paupertatis

406 2041 595 2126 apostolum
614 2044 763 2125 sequitur
779 2065 787 2123 ;

362 2139 405 2201 ob
423 2139 583 2201 fervorem
601 2139 774 2203 charitatis

405 2235 543 2316 martyri
560 2237 774 2317 coniungitur
788 2258 795 2314 ;

364 2330 400 2392 ln
419 2328 483 2393 fide
500 2329 718 2393 confessionis

403 2430 547 2510 primum
561 2429 731 2491 Thomam
749 2429 907 2511 sequitur,

362 2526 441 2587 etin
459 2525 531 2587 zelo
549 2526 715 2606 passionis

404 2621 587 2682 secundum
606 2619 831 2701 amplectitur.

606 2779 623 2841 3

1231 1053 1253 1113 4

1036 1179 1176 1261 Virgula
1194 1183 1340 1247 iustitiae

1078 1277 1199 1341 cecidit
1216 1279 1348 1362 iniquos
1366 1305 1374 1362 ;

1039 1373 1181 1435 mundos
1195 1394 1282 1456 aqua
1294 1377 1422 1456 gratiae

1081 1467 1164 1530 fovit
1181 1477 1214 1532 et
1231 1471 1370 1551 pudicos
1384 1493 1391 1550 ;

1039 1562 1124 1644 lugo
1140 1567 1385 1646 temperantiae

1081 1680 1214 1740 pressus
1231 1671 1281 1724 est
1297 1683 1420 1743 amore,

1037 1764 1073 1817 ut
1090 1755 1122 1816 in
1140 1755 1262 1820 throno
1278 1757 1405 1840 gloriae

1079 1843 1192 1906 rutilet
1208 1844 1396 1927 splendore.

1236 2003 1251 2068 5

1038 2131 1069 2195 Ο
1087 2133 1240 2196 mir'anda
1255 2135 1428 2214 sanctitas

1036 2249 1211 2310 perquam
1229 2229 1353 2294 Christi
1371 2231 1479 2313 pietas

1078 2326 1125 2386 sic
1143 2326 1270 2389 mundo
1286 2326 1427 2408 profecit
1442 2349 1451 2404 ;

1037 2419 1125 2482 Nam
1145 2430 1258 2484 mutus
1274 2431 1307 2484 et
1324 2424 1478 2499 caecitas,

1037 2525 1143 2596 gutta,
1159 2515 1307 2593 claudus,
1322 2518 1468 2581 surditas

1082 2612 1115 2666 et
1132 2603 1254 2685 gibbus
1270 2603 1400 2668 defecit.

1235 2760 1257 2820 6

974 2905 1036 2966 Per
1048 2903 1216 2967 Thomam
1235 2905 1371 2968 morbus
1384 2915 1530 2984 curatur,

973 3010 1006 3062 et
1022 3021 1041 3060 a
1058 3021 1157 3062 carne
1171 3020 1260 3062 mors
1277 3000 1422 3082 sugatur,

1016 3097 1115 3158 datur
1132 3096 1221 3159 vitae
1237 3096 1373 3178 spiritus
1390 3118 1397 3176 ;

973 3191 1074 3272 Erg0,
1090 3202 1195 3272 pater,
1211 3201 1245 3254 te
1261 3213 1437 3274 precamur

973 3297 1008 3350 ut
1025 3287 1159 3349 laxetur
1174 3307 1241 3370 quo
1257 3308 1451 3369 gravamur,

1014 3383 1112 3445 donis
1129 3384 1217 3446 datis
1234 3384 1381 3447 caelitus.

364 2907 563 2971 Aemulator
577 2915 715 2969 sanctae
732 2907 829 2984 vitae,

364 3005 396 3066 in
414 3003 548 3068 Christo
566 3001 708 3064 fecunda
725 3003 792 3064 vite

406 3101 548 3163 insertus
567 3096 759 3176 fructificat;

365 3197 555 3280 Exquirens
573 3194 605 3256 in
623 3193 723 3256 corde
740 3202 813 3256 toto

362 3313 436 3355 curn
453 3291 645 3353 ferventiori
663 3297 743 3351 voto

404 3386 557 3450 subditos
574 3383 736 3466 purificat.

334 3569 527 3618 Manuscrlt.
551 3562 686 3615 Oxsoun
704 3579 710 3615 :
731 3560 897 3630 University
909 3561 989 3628 Coll.,
1007 3560 1106 3615 Missel
1117 3561 1153 3614 de
1166 3561 1317 3630 Hereford,
1332 3579 1398 3617 vers
1415 3579 1491 3633 1390,
1505 3565 1562 3619 OC.

333 3701 413 3755 Cette
425 3701 512 3753 Prose
526 3699 596 3752 aete
609 3697 702 3751 editee
715 3715 767 3767 par
782 3699 995 3752 HuuursRsou.

334 3837 407 3886 abl
439 3832 494 3886 Ces
508 3831 581 3885 deux
594 3848 658 3885 vers
671 3839 721 3885 ont
736 3830 763 3884 la
776 3829 869 3884 meme
893 3829 970 3882 rime.
1003 3830 1085 3883 Nous
1106 3845 1230 3882 sommes
1252 3845 1319 3883 sans
1340 3828 1426 3882 doute
1448 3845 1484 3882 en
1500 3829 1564 3883 face

304 3912 386 3965 d'unc
398 3911 473 3966 faute
484 3911 519 3966 de
533 3919 618 3964 texte.

334 3990 381 4044 60
411 4007 446 4046 ne
459 3991 569 4045 laxetur
581 3990 638 4044 OC.

459 4339 537 4386 111.
571 4314 645 4386 DE
677 4314 715 4388 S.
739 4313 950 4388 THOMA
981 4309 1411 4385 HERFORDENSI.

609 4611 622 4656 1

367 4729 495 4795 Summi
515 4733 618 4814 Regis
634 4733 666 4796 in
685 4733 811 4796 honore

408 4827 569 4910 praesulis
587 4830 748 4892 memoria

1238 4607 1257 4652 2

1000 4733 1129 4795 Doctor
1144 4731 1276 4813 plebem
1295 4731 1473 4794 illustravit

1041 4828 1131 4891 verbi
1149 4827 1236 4890 vitae
1253 4827 1368 4904 radio;

368 4921 482 4988 Sancti
499 4923 653 4988 Thomae
670 4944 746 4988 cum
765 4924 890 4987 maiore
1002 4925 1120 4986 Pastor
1135 4943 1271 5004 gregem
1289 4921 1490 4986 confortavit

410 5017 468 5082 fiat
485 5021 671 5084 reverentia
684 5043 692 5100 3

1043 5018 1207 5101 frequenti
1225 5018 1375 5081 subsidio
1389 5041 1397 5097 ;
