4102 5790
471 435 539 504 168
746 451 887 501 PRosnu
915 451 1119 502 ECCLESIAE
1146 450 1442 502 HERFORDENSIS

464 631 525 686 eius
538 631 675 685 lustrante
689 627 858 699 praecordia
872 627 929 684 CB.
961 646 1013 684 sua
1034 627 1215 699 perlustravit
1228 628 1297 682 ΑΝ.
1330 645 1383 684 sua
1402 627 1601 698 praelustravit
1621 631 1726 687 Novio-

465 727 536 764 men.
565 707 733 780 praecordia
745 709 814 762 ΑΝ.
828 709 1007 778 Novr'omen.‚
1023 717 1115 778 rompt
1128 709 1155 763 le
1169 709 1368 778 parallelisme.

486 803 514 844 11
537 789 583 844 hic
596 797 708 843 arcetur
722 788 782 842 CA.

489 883 518 922 12
541 870 577 923 Et
589 883 696 936 genera
709 867 876 922 Nnvr'nmen.

489 963 519 1016 13
539 947 638 1016 regina
651 947 795 1002 visitando
809 947 978 1004 Noviomen.
1010 946 1183 1001 visitandum
1198 947 1258 1003 CA.

489 1043 520 1093 14
539 1027 640 1080 videns
654 1026 707 1080 sibi
721 1026 890 1082 Noviomen.

489 1121 519 1173 17
541 1106 618 1160 Hinc
630 1107 733 1160 educta
747 1107 836 1175 flagra
849 1116 1031 1178 rotarumque
1045 1107 1193 1162 machinas
1205 1108 1275 1162 AN.
1289 1107 1457 1162 Nnvr'omen.

488 1187 518 1240 18
539 1187 694 1256 Serrasque
714 1185 843 1240 carincas
866 1185 899 1254 (l)
922 1185 978 1241 OC.
1017 1186 1141 1242 tarincas
1166 1187 1224 1241 CA.
1256 1185 1473 1242 tharincasCB.
1514 1186 1602 1241 Feras
1617 1197 1645 1242 et
1658 1187 1728 1242 AN.

467 1265 634 1319 Noviomen.
667 1275 817 1334 exsuperat
831 1266 999 1320 Novr’omeu.

485 1359 519 1398 zo
537 1345 631 1399 caelos
644 1344 773 1398 ascendit
787 1345 814 1397 A
819 1345 854 1398 N.
872 1346 927 1400 OC.
944 1346 1003 1400 CA.
1018 1345 1194 1414 Noviomen.,
1209 1356 1301 1417 rompt
1314 1345 1340 1401 le
1351 1345 1551 1416 parallelisme.

485 1439 515 1476 21
538 1423 566 1478 in
580 1441 704 1494 manque
717 1424 884 1478 Noviomcn.

485 1519 517 1556 22
537 1513 580 1557 est
594 1503 712 1557 infirmis
727 1504 892 1558 Novr'omen.
924 1513 951 1558 et
966 1504 1085 1559 infirmis
1098 1505 1166 1558 AN.

485 1597 517 1650 23
536 1583 714 1637 celebrantes
728 1583 810 1638 huius
824 1584 879 1638 diei
892 1585 997 1652 gaudia
1011 1586 1079 1638 AN.
1094 1585 1262 1639 Novr'omen.

485 1676 520 1728 ²4
538 1662 726 1732 possidentes,
740 1665 832 1717 Amen
842 1664 908 1718 ΑΝ.
920 1665 976 1719 CB.
988 1665 1158 1720 Novr'omen.
1187 1681 1319 1736 suprema
1332 1664 1459 1734 praemia
1469 1664 1492 1718 C
1492 1666 1518 1717 A
1522 1707 1528 1718 .
1556 1664 1729 1735 sempiterna

470 1741 597 1811 praemia
607 1743 775 1796 Noviorum.
1144 1759 1146 1764 ·
