4116 5784
498 526 569 598 304
799 523 940 574 PROSAE
968 523 1171 574 ECCLESIAE
1198 523 1453 574 BELVACENSIS

431 739 436 750 ·
531 706 726 758 Manuscrlt.
748 702 900 756 Lenones
913 720 919 756 :
941 703 1015 755 Mus.
1029 701 1106 768 Brit,
1121 701 1248 770 Egerton
1258 701 1337 768 2⁶01,
1351 701 1436 755 liber
1447 700 1599 754 Prosarum
1618 700 1756 756 ecclesiae

497 785 528 838 B.
541 781 675 838 Ludovici
687 783 723 836 de
737 780 874 850 Pissiaco,
887 787 935 835 xve
943 779 1038 850 siecle,
1050 781 1108 836 LL.

534 949 579 988 ta
610 931 1237 1000 sollemniaBelvacen.,contrairealarime.
1268 936 1289 985 b
1316 928 1483 986 iubiletLL.
1512 933 1534 982 b
1562 929 1711 986 amorLL.

531 1030 580 1067 ze
611 1031 706 1068 rosam
719 1012 777 1066 LL

530 1099 581 1160 3h
613 1093 671 1148 vim
685 1092 744 1147 LL.

530 1188 577 1240 4e
608 1173 666 1228 Sed
679 1173 731 1225 LL

531 1253 576 1323 5·6
597 1254 687 1308 Entre
700 1269 748 1308 ces
761 1253 834 1307 deux
845 1253 977 1322 strophes
987 1270 1023 1306 on
1037 1253 1068 1307 lit
1082 1252 1154 1308 dans
1164 1254 1190 1308 le
1202 1252 1302 1307 Missel
1311 1253 1347 1305 de
1362 1247 1502 1304 Beauvais
1515 1249 1543 1302 la
1553 1248 1759 1319 demi-strophe

494 1332 632 1402 suivante,
645 1331 693 1404 qui
706 1343 799 1403 rompt
813 1333 840 1387 le
850 1332 1040 1402 parallelisme
1053 1341 1081 1388 et
1095 1333 1203 1387 semble
1216 1349 1272 1386 une
1288 1329 1489 1400 interpolation
1503 1346 1508 1383 :

938 1463 982 1516 Tu
1001 1461 1146 1517 vementis
1165 1461 1298 1531 nuptiae.

936 1540 1010 1610 Agni
1024 1540 1120 1596 fruens
1133 1540 1237 1611 specie,

936 1618 1071 1691 propago*
1078 1620 1203 1675 laetitiae

1006 1704 1255 1774 complementum.

524 1815 607 1870 Cette
620 1811 826 1884 demi-strophe
840 1827 871 1867 se
885 1821 982 1866 trouve
1003 1811 1080 1865 aussi
1099 1810 1171 1864 dans
1185 1809 1243 1863 LL.
1264 1808 1335 1862 mais
1358 1809 1411 1863 elle
1427 1825 1594 1864 commence
1611 1825 1663 1879 par
1676 1809 1756 1863 Tuae

492 1906 620 1952 vernant.

528 2027 542 2079 7
557 2031 578 2080 g
608 2015 692 2083 Agno
705 2011 776 2068 caeli
790 2013 892 2081 copula
905 2011 964 2066 LL.

726 2307 808 2357 200.
841 2283 916 2355 DE
947 2280 1172 2355 SANCTO
1201 2279 1534 2356 GEREMARO.

803 2496 815 2540 1

582 2610 754 2676 Geremari
770 2629 883 2672 annua

578 2704 677 2768 laude
694 2705 787 2787 plebs
804 2704 962 2768 dulciflua

580 2801 724 2865 celebret
739 2799 915 2863 sollemnia
929 2821 935 2877 ;

580 2896 671 2960 Laus
687 2917 706 2958 a
723 2896 822 2960 corde
838 2895 979 2978 prodeat
1055 2880 1058 2884 ⁵

581 3002 618 3056 ut
633 2991 772 3056 laudato
788 2989 920 3073 placeat

581 3087 750 3151 laudantis
774 3085 928 3151 melodia.

798 3215 817 3260 2

580 3311 637 3375 Ex
655 3311 860 3374 Francorum
876 3331 999 3394 genere

580 3407 670 3471 claro
686 3407 795 3471 clarus
811 3427 912 3490 opere

581 3504 680 3568 duxit
697 3504 751 3568 hic
768 3505 932 3586 originem
948 3525 955 3583 ;

583 3597 693 3664 Sacris
709 3599 807 3662 datus
824 3600 942 3663 litteris

583 3695 721 3777 suscipit
736 3715 757 3757 a
772 3697 901 3778 superis

585 3811 714 3856 morum
731 3790 987 3874 plenitudinem.

584 4015 732 4083 Orbatus
749 3921 944 4098 par3entibus

583 4113 664 4177 satis
680 4111 903 4194 locupletibus

582 4211 740 4293 locuplex
757 4210 954 4292 relinquitur
967 4231 975 4288 ;

585 4307 705 4371 Mundi
721 4316 875 4371 temnens
891 4305 1033 4386 gloriam

584 4423 692 4466 rerum
708 4400 915 4465 affluentiam

583 4499 684 4562 corde
700 4517 766 4562 nou
783 4495 1003 4578 amplectitur.

586 4719 671 4804 lugo
687 4721 750 4784 levi
767 4720 900 4784 subiicit

584 4818 707 4883 Christi
725 4837 759 4879 se
775 4816 954 4894 humiliter,

584 4918 690 4984 Curas
706 4937 809 4981 vanas
826 4915 940 4979 abiicit

585 5035 719 5079 carnem
736 5015 879 5079 domans
896 5014 1024 5098 iugiter.

1432 2486 1447 2554 5

1212 2608 1246 2671 A
1262 2605 1408 2670 tumultu
1425 2605 1540 2690 populi

1210 2723 1282 2766 esse
1298 2703 1391 2785 cupit
1407 2701 1539 2785 longius

1211 2800 1260 2864 Ut
1277 2809 1490 2881 contemptor
1506 2799 1629 2862 saeculi

1209 2895 1302 2960 caelo
1318 2895 1376 2958 fiat
1393 2895 1537 2978 propius.

1310 3128 1313 3136 y
1429 3047 1450 3108 6

1169 3185 1230 3248 Per
1246 3185 1383 3248 beatum
1401 3173 1618 3259 Audoenum,

1167 3280 1274 3344 virum
1290 3290 1455 3356 sanctum,
1472 3279 1536 3342 Dei
1553 3279 1691 3361 plenum

1211 3373 1426 3459 praecellenti
1442 3376 1560 3456 gratia,

1169 3470 1242 3536 Sibi
1258 3472 1357 3534 datur
1373 3481 1409 3534 ut
1426 3481 1602 3553 praecatur

1169 3571 1261 3635 locus
1277 3579 1402 3654 gratus,
1418 3581 1600 3652 exoptatus

1214 3689 1282 3751 quo
1299 3665 1356 3730 fiat
1372 3667 1520 3730 ecclesia.

1431 3827 1450 3894 7

1170 3951 1252 4014 Vox
1268 3951 1310 4013 de
1326 3951 1426 4014 caelis
1442 3959 1492 4012 est
1510 3949 1591 4012 baec
1608 3947 1715 4014 sacta:

1169 4051 1184 4079 “
1202 4047 1290 4112 Octo
1307 4047 1410 4109 lustra
1428 4055 1505 4109 sunt
1522 4055 1690 4109 transacta

1212 4151 1249 4205 ut
1265 4141 1419 4206 Christus
1436 4163 1496 4224 pro
1514 4142 1639 4206 meritis

1170 4238 1240 4304 Suo
1255 4258 1333 4301 caro
1350 4237 1534 4302 Geremaro

1169 4335 1351 4399 destinavit
1367 4343 1401 4398 et
1417 4335 1546 4418 paravit

1170 4431 1281 4496 locum
1297 4431 1386 4495 hunc
1402 4451 1502 4514 quem
1518 4431 1661 4497 cernitis.
1671 4429 1687 4459 ’'

1434 4588 1452 4650 8

1172 4723 1243 4787 Ros
1259 4723 1348 4787 hunc
1364 4721 1475 4786 locum
1494 4723 1670 4788 illustravit

1172 4831 1205 4885 et
1222 4821 1402 4903 impressus
1419 4819 1607 4900 designavit

1213 4927 1250 4978 ut
1266 4916 1445 4998 geometris
1462 4915 1590 4998 virgula

1215 5011 1387 5077 monachis
1403 5011 1603 5078 habitacula.
