<?xml version="1.0" encoding="UTF-8"?>
<!DOCTYPE html PUBLIC "-//W3C//DTD XHTML 1.0 Transitional//EN"
    "http://www.w3.org/TR/xhtml1/DTD/xhtml1-transitional.dtd">
<html xmlns="http://www.w3.org/1999/xhtml" xml:lang="en" lang="en">
 <head>
  <title>
</title>
<meta http-equiv="Content-Type" content="text/html;charset=utf-8" />
  <meta name='ocr-system' content='tesseract 3.04.00' />
  <meta name='ocr-capabilities' content='ocr_page ocr_carea ocr_par ocr_line ocrx_word'/>
</head>
<body>
  <div class='ocr_page' id='page_1' title='image "./analectaliturgi00wealgoog/analectaliturgi00wealgoog_0393.png"; bbox 0 0 4116 5784; ppageno 0'>
   <div class='ocr_carea' id='block_1_1' title="bbox 474 505 1459 594">
    <p class='ocr_par' dir='ltr' id='par_1_1' title="bbox 474 505 1459 594">
     <span class='ocr_line' id='line_1_1' title="bbox 474 505 1459 594; baseline -0.022 -18"><span class='ocrx_word' id='word_1_1' title='bbox 474 505 545 594; x_wconf 85' lang='lat'>386</span> <span class='ocrx_word' id='word_1_2' title='bbox 736 517 877 568; x_wconf 71' lang='lat' dir='ltr'>prosas</span> <span class='ocrx_word' id='word_1_3' title='bbox 905 509 1110 566; x_wconf 75' lang='lat' dir='ltr'>sccuusma</span> <span class='ocrx_word' id='word_1_4' title='bbox 1137 505 1459 558; x_wconf 74' lang='lat' dir='ltr'>stnvnuacasnsts</span> 
     </span>
    </p>
   </div>
   <div class='ocr_carea' id='block_1_2' title="bbox 563 715 959 869">
    <p class='ocr_par' dir='ltr' id='par_1_2' title="bbox 563 715 959 869">
     <span class='ocr_line' id='line_1_2' title="bbox 776 715 799 775; baseline 0 0"><span class='ocrx_word' id='word_1_5' title='bbox 776 715 799 775; x_wconf 87' lang='lat'>4</span> 
     </span>
     <span class='ocr_line' id='line_1_3' title="bbox 563 797 959 869; baseline -0.025 1"><span class='ocrx_word' id='word_1_6' title='bbox 563 805 658 869; x_wconf 90' lang='lat' dir='ltr'>Haec</span> <span class='ocrx_word' id='word_1_7' title='bbox 675 801 713 864; x_wconf 87' lang='lat' dir='ltr'>in</span> <span class='ocrx_word' id='word_1_8' title='bbox 724 801 821 864; x_wconf 90' lang='lat' dir='ltr'>annis</span> <span class='ocrx_word' id='word_1_9' title='bbox 837 797 959 862; x_wconf 88' lang='lat' dir='ltr'>teneris</span> 
     </span>
    </p>
   </div>
   <div class='ocr_carea' id='block_1_3' title="bbox 561 895 953 1264">
    <p class='ocr_par' dir='ltr' id='par_1_3' title="bbox 561 895 953 1264">
     <span class='ocr_line' id='line_1_4' title="bbox 561 895 936 969; baseline -0.024 -5"><span class='ocrx_word' id='word_1_10' title='bbox 561 902 667 964; x_wconf 85' lang='lat' dir='ltr'>forma</span> <span class='ocrx_word' id='word_1_11' title='bbox 684 896 771 961; x_wconf 88' lang='lat' dir='ltr'>sacta</span> <span class='ocrx_word' id='word_1_12' title='bbox 788 895 936 969; x_wconf 83' lang='lat' dir='ltr'>caeteris,</span> 
     </span>
     <span class='ocr_line' id='line_1_5' title="bbox 561 990 894 1059; baseline -0.024 0"><span class='ocrx_word' id='word_1_13' title='bbox 561 995 657 1059; x_wconf 88' lang='lat' dir='ltr'>elaris</span> <span class='ocrx_word' id='word_1_14' title='bbox 674 1001 710 1056; x_wconf 91' lang='lat' dir='ltr'>ut</span> <span class='ocrx_word' id='word_1_15' title='bbox 727 990 894 1054; x_wconf 90' lang='lat' dir='ltr'>natalibus</span> 
     </span>
     <span class='ocr_line' id='line_1_6' title="bbox 562 1084 912 1154; baseline -0.023 0"><span class='ocrx_word' id='word_1_16' title='bbox 562 1092 608 1154; x_wconf 92' lang='lat' dir='ltr'>sic</span> <span class='ocrx_word' id='word_1_17' title='bbox 625 1087 748 1152; x_wconf 78' lang='lat' dir='ltr'>effulsit</span> <span class='ocrx_word' id='word_1_18' title='bbox 765 1084 912 1148; x_wconf 90' lang='lat' dir='ltr'>moribus</span> 
     </span>
     <span class='ocr_line' id='line_1_7' title="bbox 564 1181 953 1264; baseline -0.028 -12"><span class='ocrx_word' id='word_1_19' title='bbox 564 1189 681 1252; x_wconf 87' lang='lat' dir='ltr'>Mente</span> <span class='ocrx_word' id='word_1_20' title='bbox 697 1185 810 1248; x_wconf 91' lang='lat' dir='ltr'>iuncta</span> <span class='ocrx_word' id='word_1_21' title='bbox 826 1181 953 1264; x_wconf 90' lang='lat' dir='ltr'>superis</span> 
     </span>
    </p>
   </div>
   <div class='ocr_carea' id='block_1_4' title="bbox 561 1279 941 1539">
    <p class='ocr_par' dir='ltr' id='par_1_4' title="bbox 561 1279 941 1539">
     <span class='ocr_line' id='line_1_8' title="bbox 561 1279 876 1361; baseline -0.025 -14"><span class='ocrx_word' id='word_1_22' title='bbox 561 1283 612 1347; x_wconf 91' lang='lat' dir='ltr'>sui</span> <span class='ocrx_word' id='word_1_23' title='bbox 628 1283 729 1346; x_wconf 90' lang='lat' dir='ltr'>decus</span> <span class='ocrx_word' id='word_1_24' title='bbox 746 1279 876 1361; x_wconf 89' lang='lat' dir='ltr'>generis</span> 
     </span>
     <span class='ocr_line' id='line_1_9' title="bbox 562 1373 889 1460; baseline -0.024 -18"><span class='ocrx_word' id='word_1_25' title='bbox 562 1378 672 1460; x_wconf 84' lang='lat' dir='ltr'><strong>dignis</strong></span> <span class='ocrx_word' id='word_1_26' title='bbox 689 1385 723 1439; x_wconf 90' lang='lat' dir='ltr'>et</span> <span class='ocrx_word' id='word_1_27' title='bbox 738 1373 889 1438; x_wconf 86' lang='lat' dir='ltr'>felicibus</span> 
     </span>
     <span class='ocr_line' id='line_1_10' title="bbox 562 1469 941 1539; baseline -0.018 0"><span class='ocrx_word' id='word_1_28' title='bbox 562 1475 788 1539; x_wconf 87' lang='lat' dir='ltr'>condecorans</span> <span class='ocrx_word' id='word_1_29' title='bbox 804 1469 941 1532; x_wconf 87' lang='lat' dir='ltr'>actibus.</span> 
     </span>
    </p>
   </div>
   <div class='ocr_carea' id='block_1_5' title="bbox 782 1589 796 1654">
    <p class='ocr_par' dir='ltr' id='par_1_5' title="bbox 782 1589 796 1654">
     <span class='ocr_line' id='line_1_11' title="bbox 782 1589 796 1654; baseline 0 0"><span class='ocrx_word' id='word_1_30' title='bbox 782 1589 796 1654; x_wconf 80' lang='lat'>5</span> 
     </span>
    </p>
   </div>
   <div class='ocr_carea' id='block_1_6' title="bbox 563 1677 960 2628">
    <p class='ocr_par' dir='ltr' id='par_1_6' title="bbox 563 1677 960 2628">
     <span class='ocr_line' id='line_1_12' title="bbox 650 1677 951 1756; baseline -0.027 -11"><span class='ocrx_word' id='word_1_31' title='bbox 650 1683 747 1746; x_wconf 88' lang='lat' dir='ltr'>Haec</span> <span class='ocrx_word' id='word_1_32' title='bbox 764 1689 832 1742; x_wconf 90' lang='lat' dir='ltr'>tarn</span> <span class='ocrx_word' id='word_1_33' title='bbox 849 1677 951 1756; x_wconf 87' lang='lat' dir='ltr'>digne</span> 
     </span>
     <span class='ocr_line' id='line_1_13' title="bbox 648 1773 912 1859; baseline -0.023 -20"><span class='ocrx_word' id='word_1_34' title='bbox 648 1796 751 1859; x_wconf 89' lang='lat' dir='ltr'>quarn</span> <span class='ocrx_word' id='word_1_35' title='bbox 769 1773 912 1854; x_wconf 87' lang='lat' dir='ltr'>benigne</span> 
     </span>
     <span class='ocr_line' id='line_1_14' title="bbox 650 1872 932 1952; baseline -0.028 -14"><span class='ocrx_word' id='word_1_36' title='bbox 650 1872 784 1939; x_wconf 86' lang='lat' dir='ltr'>Christo</span> <span class='ocrx_word' id='word_1_37' title='bbox 799 1877 932 1952; x_wconf 86' lang='lat' dir='ltr'>gratum</span> 
     </span>
     <span class='ocr_line' id='line_1_15' title="bbox 648 1967 846 2033; baseline -0.025 0"><span class='ocrx_word' id='word_1_38' title='bbox 648 1967 846 2033; x_wconf 83' lang='lat' dir='ltr'>famulatum</span> 
     </span>
     <span class='ocr_line' id='line_1_16' title="bbox 564 2059 960 2149; baseline -0.023 -19"><span class='ocrx_word' id='word_1_39' title='bbox 564 2064 728 2149; x_wconf 85' lang='lat' dir='ltr'>impendit</span> <span class='ocrx_word' id='word_1_40' title='bbox 745 2082 804 2145; x_wconf 89' lang='lat' dir='ltr'>per</span> <span class='ocrx_word' id='word_1_41' title='bbox 819 2059 933 2124; x_wconf 90' lang='lat' dir='ltr'>omnia</span> <span class='ocrx_word' id='word_1_42' title='bbox 952 2083 960 2141; x_wconf 89' lang='lat'>;</span> 
     </span>
     <span class='ocr_line' id='line_1_17' title="bbox 651 2157 887 2224; baseline -0.03 0"><span class='ocrx_word' id='word_1_43' title='bbox 651 2160 752 2224; x_wconf 92' lang='lat' dir='ltr'>Hunc</span> <span class='ocrx_word' id='word_1_44' title='bbox 769 2157 887 2221; x_wconf 88' lang='lat' dir='ltr'>adorat</span> 
     </span>
     <span class='ocr_line' id='line_1_18' title="bbox 650 2261 819 2320; baseline -0.024 0"><span class='ocrx_word' id='word_1_45' title='bbox 650 2264 684 2320; x_wconf 93' lang='lat' dir='ltr'>et</span> <span class='ocrx_word' id='word_1_46' title='bbox 700 2261 819 2319; x_wconf 88' lang='lat' dir='ltr'>exorat</span> 
     </span>
     <span class='ocr_line' id='line_1_19' title="bbox 651 2348 798 2434; baseline -0.034 -18"><span class='ocrx_word' id='word_1_47' title='bbox 651 2351 719 2434; x_wconf 91' lang='lat' dir='ltr'>Ipsi</span> <span class='ocrx_word' id='word_1_48' title='bbox 737 2348 798 2412; x_wconf 92' lang='lat' dir='ltr'>soli</span> 
     </span>
     <span class='ocr_line' id='line_1_20' title="bbox 649 2443 832 2530; baseline -0.027 -19"><span class='ocrx_word' id='word_1_49' title='bbox 649 2449 753 2530; x_wconf 87' lang='lat' dir='ltr'>digno</span> <span class='ocrx_word' id='word_1_50' title='bbox 769 2443 832 2508; x_wconf 92' lang='lat' dir='ltr'>coli</span> 
     </span>
     <span class='ocr_line' id='line_1_21' title="bbox 563 2538 924 2628; baseline -0.022 -20"><span class='ocrx_word' id='word_1_51' title='bbox 563 2545 666 2628; x_wconf 87' lang='lat' dir='ltr'>digna</span> <span class='ocrx_word' id='word_1_52' title='bbox 682 2543 741 2604; x_wconf 92' lang='lat' dir='ltr'>dat</span> <span class='ocrx_word' id='word_1_53' title='bbox 756 2538 924 2622; x_wconf 89' lang='lat' dir='ltr'>obsequia.</span> 
     </span>
    </p>
   </div>
   <div class='ocr_carea' id='block_1_7' title="bbox 520 2740 1056 2827">
    <p class='ocr_par' dir='ltr' id='par_1_7' title="bbox 520 2740 1056 2827">
     <span class='ocr_line' id='line_1_22' title="bbox 520 2740 1056 2827; baseline -0.017 -14"><span class='ocrx_word' id='word_1_54' title='bbox 520 2746 643 2813; x_wconf 87' lang='lat' dir='ltr'>Christi</span> <span class='ocrx_word' id='word_1_55' title='bbox 662 2743 770 2827; x_wconf 84' lang='lat' dir='ltr'>legem</span> <span class='ocrx_word' id='word_1_56' title='bbox 787 2761 888 2824; x_wconf 90' lang='lat' dir='ltr'>quam</span> <span class='ocrx_word' id='word_1_57' title='bbox 907 2740 1056 2822; x_wconf 83' lang='lat' dir='ltr'>profatur</span> 
     </span>
    </p>
   </div>
   <div class='ocr_carea' id='block_1_8' title="bbox 452 2839 947 3308">
    <p class='ocr_par' dir='ltr' id='par_1_8' title="bbox 521 2839 930 3022">
     <span class='ocr_line' id='line_1_23' title="bbox 521 2839 930 2908; baseline -0.02 0"><span class='ocrx_word' id='word_1_58' title='bbox 521 2844 601 2908; x_wconf 93' lang='lat' dir='ltr'>nihil</span> <span class='ocrx_word' id='word_1_59' title='bbox 619 2841 728 2905; x_wconf 91' lang='lat' dir='ltr'>minus</span> <span class='ocrx_word' id='word_1_60' title='bbox 744 2839 930 2903; x_wconf 91' lang='lat' dir='ltr'>adtestatur</span> 
     </span>
     <span class='ocr_line' id='line_1_24' title="bbox 563 2935 921 3022; baseline -0.022 -19"><span class='ocrx_word' id='word_1_61' title='bbox 563 2957 701 3022; x_wconf 90' lang='lat' dir='ltr'>operum</span> <span class='ocrx_word' id='word_1_62' title='bbox 719 2955 778 3018; x_wconf 90' lang='lat' dir='ltr'>per</span> <span class='ocrx_word' id='word_1_63' title='bbox 795 2935 921 3008; x_wconf 85' lang='lat' dir='ltr'>merita,</span> 
     </span>
    </p>

    <p class='ocr_par' dir='ltr' id='par_1_9' title="bbox 523 3030 941 3098">
     <span class='ocr_line' id='line_1_25' title="bbox 523 3030 941 3098; baseline -0.019 1"><span class='ocrx_word' id='word_1_64' title='bbox 523 3037 612 3098; x_wconf 90' lang='lat' dir='ltr'>Hinc</span> <span class='ocrx_word' id='word_1_65' title='bbox 630 3033 661 3095; x_wconf 92' lang='lat' dir='ltr'>in</span> <span class='ocrx_word' id='word_1_66' title='bbox 682 3052 755 3094; x_wconf 86' lang='lat' dir='ltr'>earn</span> <span class='ocrx_word' id='word_1_67' title='bbox 773 3030 941 3093; x_wconf 88' lang='lat' dir='ltr'>excitatur</span> 
     </span>
    </p>

    <p class='ocr_par' dir='ltr' id='par_1_10' title="bbox 452 3127 947 3308">
     <span class='ocr_line' id='line_1_26' title="bbox 452 3127 947 3214; baseline -0.022 -17"><span class='ocrx_word' id='word_1_68' title='bbox 452 3163 453 3167; x_wconf 41' lang='lat'>¹</span> <span class='ocrx_word' id='word_1_69' title='bbox 520 3132 701 3214; x_wconf 89' lang='lat' dir='ltr'>imperator</span> <span class='ocrx_word' id='word_1_70' title='bbox 716 3137 750 3190; x_wconf 89' lang='lat' dir='ltr'>et</span> <span class='ocrx_word' id='word_1_71' title='bbox 766 3127 947 3189; x_wconf 89' lang='lat' dir='ltr'>damnatur</span> 
     </span>
     <span class='ocr_line' id='line_1_27' title="bbox 563 3217 911 3308; baseline -0.032 -16"><span class='ocrx_word' id='word_1_72' title='bbox 563 3223 722 3308; x_wconf 78' lang='lat' dir='ltr'>potestati</span> <span class='ocrx_word' id='word_1_73' title='bbox 738 3222 883 3286; x_wconf 90' lang='lat' dir='ltr'>subdita.</span> <span class='ocrx_word' id='word_1_74' title='bbox 908 3217 911 3222; x_wconf 81' lang='lat'>&#39;</span> 
     </span>
    </p>
   </div>
   <div class='ocr_carea' id='block_1_9' title="bbox 1406 699 1425 764">
    <p class='ocr_par' dir='ltr' id='par_1_11' title="bbox 1406 699 1425 764">
     <span class='ocr_line' id='line_1_28' title="bbox 1406 699 1425 764; baseline 0 0"><span class='ocrx_word' id='word_1_75' title='bbox 1406 699 1425 764; x_wconf 96' lang='lat'><em>7</em></span> 
     </span>
    </p>
   </div>
   <div class='ocr_carea' id='block_1_10' title="bbox 1145 789 1651 1539">
    <p class='ocr_par' dir='ltr' id='par_1_12' title="bbox 1147 789 1582 863">
     <span class='ocr_line' id='line_1_29' title="bbox 1147 789 1582 863; baseline -0.007 -13"><span class='ocrx_word' id='word_1_76' title='bbox 1147 789 1248 850; x_wconf 84' lang='lat' dir='ltr'>Ferro</span> <span class='ocrx_word' id='word_1_77' title='bbox 1264 807 1369 863; x_wconf 89' lang='lat' dir='ltr'>caesa,</span> <span class='ocrx_word' id='word_1_78' title='bbox 1385 805 1473 849; x_wconf 92' lang='lat' dir='ltr'>novo</span> <span class='ocrx_word' id='word_1_79' title='bbox 1490 805 1582 848; x_wconf 88' lang='lat' dir='ltr'>more</span> 
     </span>
    </p>

    <p class='ocr_par' dir='ltr' id='par_1_13' title="bbox 1145 881 1568 1157">
     <span class='ocr_line' id='line_1_30' title="bbox 1145 881 1549 964; baseline -0.002 -19"><span class='ocrx_word' id='word_1_80' title='bbox 1145 883 1196 946; x_wconf 92' lang='lat' dir='ltr'>lac</span> <span class='ocrx_word' id='word_1_81' title='bbox 1212 881 1331 946; x_wconf 84' lang='lat' dir='ltr'>effudit</span> <span class='ocrx_word' id='word_1_82' title='bbox 1347 903 1408 964; x_wconf 89' lang='lat' dir='ltr'>pro</span> <span class='ocrx_word' id='word_1_83' title='bbox 1424 902 1549 958; x_wconf 82' lang='lat' dir='ltr'>cruore,</span> 
     </span>
     <span class='ocr_line' id='line_1_31' title="bbox 1146 977 1568 1060; baseline -0.005 -18"><span class='ocrx_word' id='word_1_84' title='bbox 1146 979 1235 1060; x_wconf 91' lang='lat' dir='ltr'>quod</span> <span class='ocrx_word' id='word_1_85' title='bbox 1253 978 1285 1041; x_wconf 92' lang='lat' dir='ltr'>in</span> <span class='ocrx_word' id='word_1_86' title='bbox 1303 977 1373 1041; x_wconf 90' lang='lat' dir='ltr'>eius</span> <span class='ocrx_word' id='word_1_87' title='bbox 1390 978 1568 1060; x_wconf 86' lang='lat' dir='ltr'>praeconia</span> 
     </span>
     <span class='ocr_line' id='line_1_32' title="bbox 1149 1073 1532 1157; baseline 0 -21"><span class='ocrx_word' id='word_1_88' title='bbox 1149 1094 1292 1157; x_wconf 91' lang='lat' dir='ltr'>superna</span> <span class='ocrx_word' id='word_1_89' title='bbox 1309 1073 1387 1138; x_wconf 84' lang='lat' dir='ltr'>iecit</span> <span class='ocrx_word' id='word_1_90' title='bbox 1402 1075 1512 1156; x_wconf 86' lang='lat' dir='ltr'>gratia</span> <span class='ocrx_word' id='word_1_91' title='bbox 1525 1095 1532 1152; x_wconf 93' lang='lat'>;</span> 
     </span>
    </p>

    <p class='ocr_par' dir='ltr' id='par_1_14' title="bbox 1147 1167 1651 1348">
     <span class='ocr_line' id='line_1_33' title="bbox 1150 1167 1651 1234; baseline -0.004 -2"><span class='ocrx_word' id='word_1_92' title='bbox 1150 1171 1243 1233; x_wconf 88' lang='lat' dir='ltr'>Fecit</span> <span class='ocrx_word' id='word_1_93' title='bbox 1259 1180 1293 1234; x_wconf 87' lang='lat' dir='ltr'>et</span> <span class='ocrx_word' id='word_1_94' title='bbox 1309 1169 1395 1233; x_wconf 90' lang='lat' dir='ltr'>hanc</span> <span class='ocrx_word' id='word_1_95' title='bbox 1411 1170 1499 1232; x_wconf 90' lang='lat' dir='ltr'>inter</span> <span class='ocrx_word' id='word_1_96' title='bbox 1514 1167 1651 1232; x_wconf 89' lang='lat' dir='ltr'>chorum</span> 
     </span>
     <span class='ocr_line' id='line_1_34' title="bbox 1147 1264 1528 1348; baseline -0.005 -19"><span class='ocrx_word' id='word_1_97' title='bbox 1147 1265 1315 1348; x_wconf 87' lang='lat' dir='ltr'>deportari</span> <span class='ocrx_word' id='word_1_98' title='bbox 1332 1264 1528 1347; x_wconf 85' lang='lat' dir='ltr'>angelorum</span> 
     </span>
    </p>

    <p class='ocr_par' dir='ltr' id='par_1_15' title="bbox 1149 1359 1475 1443">
     <span class='ocr_line' id='line_1_35' title="bbox 1149 1359 1475 1443; baseline -0.006 -19"><span class='ocrx_word' id='word_1_99' title='bbox 1149 1361 1191 1424; x_wconf 86' lang='lat' dir='ltr'>ad</span> <span class='ocrx_word' id='word_1_100' title='bbox 1210 1360 1302 1426; x_wconf 89' lang='lat' dir='ltr'>Sinai</span> <span class='ocrx_word' id='word_1_101' title='bbox 1321 1359 1475 1443; x_wconf 80' lang='lat' dir='ltr'>fastigia:</span> 
     </span>
    </p>

    <p class='ocr_par' dir='ltr' id='par_1_16' title="bbox 1150 1454 1568 1539">
     <span class='ocr_line' id='line_1_36' title="bbox 1150 1454 1568 1539; baseline -0.012 -16"><span class='ocrx_word' id='word_1_102' title='bbox 1150 1457 1181 1523; x_wconf 95' lang='lat' dir='ltr'>O</span> <span class='ocrx_word' id='word_1_103' title='bbox 1199 1478 1250 1520; x_wconf 91' lang='lat' dir='ltr'>res</span> <span class='ocrx_word' id='word_1_104' title='bbox 1266 1457 1369 1539; x_wconf 89' lang='lat' dir='ltr'>digna</span> <span class='ocrx_word' id='word_1_105' title='bbox 1387 1454 1547 1518; x_wconf 89' lang='lat' dir='ltr'>memoria</span> <span class='ocrx_word' id='word_1_106' title='bbox 1562 1455 1568 1518; x_wconf 93' lang='lat'><strong>!</strong></span> 
     </span>
    </p>
   </div>
   <div class='ocr_carea' id='block_1_11' title="bbox 1409 1569 1428 1630">
    <p class='ocr_par' dir='ltr' id='par_1_17' title="bbox 1409 1569 1428 1630">
     <span class='ocr_line' id='line_1_37' title="bbox 1409 1569 1428 1630; baseline 0 0"><span class='ocrx_word' id='word_1_107' title='bbox 1409 1569 1428 1630; x_wconf 90' lang='lat'>8</span> 
     </span>
    </p>
   </div>
   <div class='ocr_carea' id='block_1_12' title="bbox 1148 1679 1601 2606">
    <p class='ocr_par' dir='ltr' id='par_1_18' title="bbox 1148 1679 1510 1754">
     <span class='ocr_line' id='line_1_38' title="bbox 1148 1679 1510 1754; baseline -0.014 -8"><span class='ocrx_word' id='word_1_108' title='bbox 1148 1681 1179 1746; x_wconf 94' lang='lat' dir='ltr'>O</span> <span class='ocrx_word' id='word_1_109' title='bbox 1198 1681 1296 1745; x_wconf 88' lang='lat' dir='ltr'>beata</span> <span class='ocrx_word' id='word_1_110' title='bbox 1314 1679 1510 1754; x_wconf 88' lang='lat' dir='ltr'>Katherina‚</span> 
     </span>
    </p>

    <p class='ocr_par' dir='ltr' id='par_1_19' title="bbox 1148 1774 1601 2030">
     <span class='ocr_line' id='line_1_39' title="bbox 1148 1774 1601 1858; baseline -0.009 -16"><span class='ocrx_word' id='word_1_111' title='bbox 1148 1775 1180 1842; x_wconf 95' lang='lat' dir='ltr'>O</span> <span class='ocrx_word' id='word_1_112' title='bbox 1197 1775 1366 1858; x_wconf 87' lang='lat' dir='ltr'>praeclara</span> <span class='ocrx_word' id='word_1_113' title='bbox 1383 1776 1483 1839; x_wconf 90' lang='lat' dir='ltr'>laude</span> <span class='ocrx_word' id='word_1_114' title='bbox 1498 1774 1601 1857; x_wconf 86' lang='lat' dir='ltr'>digna</span> 
     </span>
     <span class='ocr_line' id='line_1_40' title="bbox 1320 1891 1597 1954; baseline -0.007 -19"><span class='ocrx_word' id='word_1_115' title='bbox 1320 1891 1407 1954; x_wconf 90' lang='lat' dir='ltr'>quae</span> <span class='ocrx_word' id='word_1_116' title='bbox 1423 1891 1597 1949; x_wconf 89' lang='lat' dir='ltr'>meremur,</span> 
     </span>
     <span class='ocr_line' id='line_1_41' title="bbox 1318 1967 1574 2030; baseline -0.008 0"><span class='ocrx_word' id='word_1_117' title='bbox 1318 1987 1359 2030; x_wconf 91' lang='lat' dir='ltr'>ne</span> <span class='ocrx_word' id='word_1_118' title='bbox 1375 1967 1574 2030; x_wconf 88' lang='lat' dir='ltr'>damnemur</span> 
     </span>
    </p>

    <p class='ocr_par' dir='ltr' id='par_1_20' title="bbox 1193 2063 1520 2146">
     <span class='ocr_line' id='line_1_42' title="bbox 1193 2063 1520 2146; baseline 0 -20"><span class='ocrx_word' id='word_1_119' title='bbox 1193 2063 1316 2146; x_wconf 84' lang='lat' dir='ltr'>repelle</span> <span class='ocrx_word' id='word_1_120' title='bbox 1332 2063 1497 2146; x_wconf 90' lang='lat' dir='ltr'>supplicia</span> <span class='ocrx_word' id='word_1_121' title='bbox 1512 2085 1520 2142; x_wconf 90' lang='lat'>;</span> 
     </span>
    </p>

    <p class='ocr_par' dir='ltr' id='par_1_21' title="bbox 1152 2158 1570 2240">
     <span class='ocr_line' id='line_1_43' title="bbox 1152 2158 1570 2240; baseline 0 -18"><span class='ocrx_word' id='word_1_122' title='bbox 1152 2159 1250 2222; x_wconf 87' lang='lat' dir='ltr'>Fonti</span> <span class='ocrx_word' id='word_1_123' title='bbox 1267 2177 1419 2221; x_wconf 90' lang='lat' dir='ltr'>summae</span> <span class='ocrx_word' id='word_1_124' title='bbox 1435 2158 1570 2240; x_wconf 90' lang='lat' dir='ltr'>pietatis</span> 
     </span>
    </p>

    <p class='ocr_par' dir='ltr' id='par_1_22' title="bbox 1151 2252 1589 2527">
     <span class='ocr_line' id='line_1_44' title="bbox 1151 2252 1589 2337; baseline -0.007 -19"><span class='ocrx_word' id='word_1_125' title='bbox 1151 2255 1207 2337; x_wconf 93' lang='lat' dir='ltr'>qui</span> <span class='ocrx_word' id='word_1_126' title='bbox 1225 2274 1285 2318; x_wconf 91' lang='lat' dir='ltr'>nos</span> <span class='ocrx_word' id='word_1_127' title='bbox 1301 2252 1391 2318; x_wconf 88' lang='lat' dir='ltr'>lavet</span> <span class='ocrx_word' id='word_1_128' title='bbox 1406 2273 1426 2315; x_wconf 87' lang='lat' dir='ltr'>a</span> <span class='ocrx_word' id='word_1_129' title='bbox 1442 2254 1589 2335; x_wconf 90' lang='lat' dir='ltr'>peccatis</span> 
     </span>
     <span class='ocr_line' id='line_1_45' title="bbox 1322 2348 1545 2432; baseline 0 -20"><span class='ocrx_word' id='word_1_130' title='bbox 1322 2369 1383 2412; x_wconf 91' lang='lat' dir='ltr'>nos</span> <span class='ocrx_word' id='word_1_131' title='bbox 1398 2348 1545 2432; x_wconf 84' lang='lat' dir='ltr'>benigna</span> 
     </span>
     <span class='ocr_line' id='line_1_46' title="bbox 1322 2445 1537 2527; baseline 0.005 -21"><span class='ocrx_word' id='word_1_132' title='bbox 1322 2465 1418 2526; x_wconf 89' lang='lat' dir='ltr'>prece</span> <span class='ocrx_word' id='word_1_133' title='bbox 1435 2445 1537 2527; x_wconf 88' lang='lat' dir='ltr'>digna</span> 
     </span>
    </p>

    <p class='ocr_par' dir='ltr' id='par_1_23' title="bbox 1191 2538 1536 2606">
     <span class='ocr_line' id='line_1_47' title="bbox 1191 2538 1536 2606; baseline 0.003 -4"><span class='ocrx_word' id='word_1_134' title='bbox 1191 2538 1371 2606; x_wconf 86' lang='lat' dir='ltr'>clementer·</span> <span class='ocrx_word' id='word_1_135' title='bbox 1387 2540 1536 2603; x_wconf 88' lang='lat' dir='ltr'>concilia.</span> 
     </span>
    </p>
   </div>
   <div class='ocr_carea' id='block_1_13' title="bbox 1408 2661 1430 2724">
    <p class='ocr_par' dir='ltr' id='par_1_24' title="bbox 1408 2661 1430 2724">
     <span class='ocr_line' id='line_1_48' title="bbox 1408 2661 1430 2724; baseline 0 0"><span class='ocrx_word' id='word_1_136' title='bbox 1408 2661 1430 2724; x_wconf 91' lang='lat'>9</span> 
     </span>
    </p>
   </div>
   <div class='ocr_carea' id='block_1_14' title="bbox 1191 2763 1592 3040">
    <p class='ocr_par' dir='ltr' id='par_1_25' title="bbox 1191 2763 1592 3040">
     <span class='ocr_line' id='line_1_49' title="bbox 1322 2763 1592 2847; baseline 0.004 -18"><span class='ocrx_word' id='word_1_137' title='bbox 1322 2763 1418 2847; x_wconf 87' lang='lat' dir='ltr'>Quae</span> <span class='ocrx_word' id='word_1_138' title='bbox 1435 2767 1592 2830; x_wconf 91' lang='lat' dir='ltr'>timemus</span> 
     </span>
     <span class='ocr_line' id='line_1_50' title="bbox 1324 2861 1545 2925; baseline 0.009 -3"><span class='ocrx_word' id='word_1_139' title='bbox 1324 2869 1357 2922; x_wconf 93' lang='lat' dir='ltr'>et</span> <span class='ocrx_word' id='word_1_140' title='bbox 1373 2861 1545 2925; x_wconf 88' lang='lat' dir='ltr'>horremus</span> 
     </span>
     <span class='ocr_line' id='line_1_51' title="bbox 1191 2956 1469 3040; baseline 0.011 -22"><span class='ocrx_word' id='word_1_141' title='bbox 1191 2976 1317 3019; x_wconf 89' lang='lat' dir='ltr'>excusa</span> <span class='ocrx_word' id='word_1_142' title='bbox 1333 2956 1469 3040; x_wconf 90' lang='lat' dir='ltr'>flagitia.</span> 
     </span>
    </p>
   </div>
   <div class='ocr_carea' id='block_1_15' title="bbox 1404 3103 1442 3150">
    <p class='ocr_par' dir='ltr' id='par_1_26' title="bbox 1404 3103 1442 3150">
     <span class='ocr_line' id='line_1_52' title="bbox 1404 3103 1442 3150; baseline 0.053 -2"><span class='ocrx_word' id='word_1_143' title='bbox 1404 3103 1442 3150; x_wconf 92' lang='lat'>10</span> 
     </span>
    </p>
   </div>
   <div class='ocr_carea' id='block_1_16' title="bbox 1192 3223 1574 3290">
    <p class='ocr_par' dir='ltr' id='par_1_27' title="bbox 1192 3223 1574 3290">
     <span class='ocr_line' id='line_1_53' title="bbox 1192 3223 1574 3290; baseline 0.01 -4"><span class='ocrx_word' id='word_1_144' title='bbox 1192 3223 1304 3286; x_wconf 88' lang='lat' dir='ltr'>Amen</span> <span class='ocrx_word' id='word_1_145' title='bbox 1321 3224 1436 3289; x_wconf 90' lang='lat' dir='ltr'>dicant</span> <span class='ocrx_word' id='word_1_146' title='bbox 1452 3227 1574 3290; x_wconf 88' lang='lat' dir='ltr'>omnia.</span> 
     </span>
    </p>
   </div>
   <div class='ocr_carea' id='block_1_17' title="bbox 476 3364 1733 3519">
    <p class='ocr_par' dir='ltr' id='par_1_28' title="bbox 476 3364 1733 3519">
     <span class='ocr_line' id='line_1_54' title="bbox 513 3364 1733 3446; baseline 0.002 -22"><span class='ocrx_word' id='word_1_147' title='bbox 513 3374 720 3424; x_wconf 84' lang='lat' dir='ltr'>Manuscrits.</span> <span class='ocrx_word' id='word_1_148' title='bbox 744 3369 839 3419; x_wconf 75' lang='lat' dir='ltr'>Pnkls</span> <span class='ocrx_word' id='word_1_149' title='bbox 852 3383 858 3418; x_wconf 91' lang='lat'>:</span> <span class='ocrx_word' id='word_1_150' title='bbox 880 3364 951 3418; x_wconf 86' lang='lat' dir='ltr'>Bibl.</span> <span class='ocrx_word' id='word_1_151' title='bbox 968 3366 995 3417; x_wconf 92' lang='lat' dir='ltr'>S.</span> <span class='ocrx_word' id='word_1_152' title='bbox 1006 3365 1174 3434; x_wconf 70' lang='lat' dir='ltr'>Genevidve‚</span> <span class='ocrx_word' id='word_1_153' title='bbox 1185 3367 1291 3421; x_wconf 83' lang='lat' dir='ltr'>i⁰liBL</span> <span class='ocrx_word' id='word_1_154' title='bbox 1302 3369 1453 3446; x_wconf 39' lang='lat' dir='ltr'>11‚¹Missel</span> <span class='ocrx_word' id='word_1_155' title='bbox 1463 3370 1499 3424; x_wconf 86' lang='lat' dir='ltr'>de</span> <span class='ocrx_word' id='word_1_156' title='bbox 1513 3371 1614 3441; x_wconf 87' lang='lat' dir='ltr'>Senlis,</span> <span class='ocrx_word' id='word_1_157' title='bbox 1627 3377 1674 3426; x_wconf 74' lang='lat' dir='ltr'>xv‘</span> <span class='ocrx_word' id='word_1_158' title='bbox 1683 3373 1733 3426; x_wconf 69' lang='lat' dir='ltr'>sie-</span> 
     </span>
     <span class='ocr_line' id='line_1_55' title="bbox 476 3443 1687 3519; baseline 0 -15"><span class='ocrx_word' id='word_1_159' title='bbox 476 3451 527 3517; x_wconf 90' lang='lat' dir='ltr'>cle,</span> <span class='ocrx_word' id='word_1_160' title='bbox 548 3451 575 3504; x_wconf 90' lang='lat' dir='ltr'>V.</span> <span class='ocrx_word' id='word_1_161' title='bbox 609 3451 784 3502; x_wconf 75' lang='lat' dir='ltr'>GRENOBLE</span> <span class='ocrx_word' id='word_1_162' title='bbox 798 3463 804 3500; x_wconf 73' lang='grc' dir='ltr'>ε</span> <span class='ocrx_word' id='word_1_163' title='bbox 824 3445 897 3500; x_wconf 89' lang='lat' dir='ltr'>Bibl.</span> <span class='ocrx_word' id='word_1_164' title='bbox 909 3444 946 3499; x_wconf 92' lang='lat' dir='ltr'>de</span> <span class='ocrx_word' id='word_1_165' title='bbox 958 3443 1077 3513; x_wconf 76' lang='lat' dir='ltr'>levitic,</span> <span class='ocrx_word' id='word_1_166' title='bbox 1096 3460 1152 3514; x_wconf 81' lang='lat'>131,</span> <span class='ocrx_word' id='word_1_167' title='bbox 1165 3447 1264 3502; x_wconf 90' lang='lat' dir='ltr'>Missel</span> <span class='ocrx_word' id='word_1_168' title='bbox 1277 3447 1313 3502; x_wconf 91' lang='lat' dir='ltr'>de</span> <span class='ocrx_word' id='word_1_169' title='bbox 1328 3447 1429 3518; x_wconf 88' lang='lat' dir='ltr'>Senlis‚</span> <span class='ocrx_word' id='word_1_170' title='bbox 1454 3448 1512 3503; x_wconf 78' lang='lat' dir='ltr'>xive</span> <span class='ocrx_word' id='word_1_171' title='bbox 1520 3449 1614 3519; x_wconf 74' lang='lat' dir='ltr'>siecle,</span> <span class='ocrx_word' id='word_1_172' title='bbox 1628 3452 1687 3506; x_wconf 89' lang='lat' dir='ltr'>GR.</span> 
     </span>
    </p>
   </div>
   <div class='ocr_carea' id='block_1_18' title="bbox 512 3555 1439 3616">
    <p class='ocr_par' dir='ltr' id='par_1_29' title="bbox 512 3555 1439 3616">
     <span class='ocr_line' id='line_1_56' title="bbox 512 3555 1439 3616; baseline 0.001 -2"><span class='ocrx_word' id='word_1_173' title='bbox 512 3563 555 3616; x_wconf 76' lang='lat'>81</span> <span class='ocrx_word' id='word_1_174' title='bbox 587 3563 678 3615; x_wconf 88' lang='lat' dir='ltr'>Fonte</span> <span class='ocrx_word' id='word_1_175' title='bbox 693 3559 752 3614; x_wconf 86' lang='lat' dir='ltr'>GR.</span> <span class='ocrx_word' id='word_1_176' title='bbox 769 3555 957 3612; x_wconf 78' lang='lat' dir='ltr'>Silvanecren.</span> <span class='ocrx_word' id='word_1_177' title='bbox 989 3561 1013 3609; x_wconf 87' lang='lat' dir='ltr'>k</span> <span class='ocrx_word' id='word_1_178' title='bbox 1042 3556 1161 3612; x_wconf 90' lang='lat' dir='ltr'>consilia</span> <span class='ocrx_word' id='word_1_179' title='bbox 1177 3559 1236 3612; x_wconf 84' lang='lat' dir='ltr'>GR.</span> <span class='ocrx_word' id='word_1_180' title='bbox 1251 3559 1439 3615; x_wconf 79' lang='lat' dir='ltr'>Se&#39;lvanecten.</span> 
     </span>
    </p>
   </div>
   <div class='ocr_carea' id='block_1_19' title="bbox 795 3711 1430 3804">
    <p class='ocr_par' dir='ltr' id='par_1_30' title="bbox 795 3711 1430 3804">
     <span class='ocr_line' id='line_1_57' title="bbox 795 3711 1430 3804; baseline 0.008 -20"><span class='ocrx_word' id='word_1_181' title='bbox 795 3733 875 3804; x_wconf 87' lang='lat'><em>272.</em></span> <span class='ocrx_word' id='word_1_182' title='bbox 910 3713 983 3785; x_wconf 77' lang='lat' dir='ltr'>na</span> <span class='ocrx_word' id='word_1_183' title='bbox 1016 3711 1203 3787; x_wconf 72' lang='lat' dir='ltr'>sanun</span> <span class='ocrx_word' id='word_1_184' title='bbox 1235 3715 1430 3789; x_wconf 74' lang='lat' dir='ltr'>namn.</span> 
     </span>
    </p>
   </div>
   <div class='ocr_carea' id='block_1_20' title="bbox 562 3889 982 4448">
    <p class='ocr_par' dir='ltr' id='par_1_31' title="bbox 562 3889 982 4448">
     <span class='ocr_line' id='line_1_58' title="bbox 784 3889 796 3935; baseline 0 0"><span class='ocrx_word' id='word_1_185' title='bbox 784 3889 796 3935; x_wconf 93' lang='lat'><em>1</em></span> 
     </span>
     <span class='ocr_line' id='line_1_59' title="bbox 564 3979 835 4064; baseline -0.011 -19"><span class='ocrx_word' id='word_1_186' title='bbox 564 3983 644 4058; x_wconf 81' lang='lat' dir='ltr'>Ave,</span> <span class='ocrx_word' id='word_1_187' title='bbox 659 3979 835 4064; x_wconf 85' lang='lat' dir='ltr'>gloriosior</span> 
     </span>
     <span class='ocr_line' id='line_1_60' title="bbox 562 4075 982 4161; baseline -0.007 -21"><span class='ocrx_word' id='word_1_188' title='bbox 562 4093 648 4161; x_wconf 85' lang='lat' dir='ltr'>quae</span> <span class='ocrx_word' id='word_1_189' title='bbox 664 4087 792 4159; x_wconf 93' lang='lat' dir='ltr'>quanto</span> <span class='ocrx_word' id='word_1_190' title='bbox 809 4075 982 4139; x_wconf 91' lang='lat' dir='ltr'>sublimior</span> 
     </span>
     <span class='ocr_line' id='line_1_61' title="bbox 563 4171 916 4248; baseline -0.014 -10"><span class='ocrx_word' id='word_1_191' title='bbox 563 4183 657 4238; x_wconf 88' lang='lat' dir='ltr'>tanto</span> <span class='ocrx_word' id='word_1_192' title='bbox 674 4173 718 4235; x_wconf 92' lang='lat' dir='ltr'>sis</span> <span class='ocrx_word' id='word_1_193' title='bbox 735 4171 893 4234; x_wconf 91' lang='lat' dir='ltr'>humilior</span> <span class='ocrx_word' id='word_1_194' title='bbox 909 4192 916 4248; x_wconf 88' lang='lat'>;</span> 
     </span>
     <span class='ocr_line' id='line_1_62' title="bbox 564 4266 926 4332; baseline -0.011 0"><span class='ocrx_word' id='word_1_195' title='bbox 564 4269 635 4332; x_wconf 92' lang='lat' dir='ltr'>Nos</span> <span class='ocrx_word' id='word_1_196' title='bbox 651 4287 769 4331; x_wconf 90' lang='lat' dir='ltr'>omnes</span> <span class='ocrx_word' id='word_1_197' title='bbox 786 4266 926 4330; x_wconf 91' lang='lat' dir='ltr'>humilia</span> 
     </span>
     <span class='ocr_line' id='line_1_63' title="bbox 562 4361 921 4448; baseline -0.011 -20"><span class='ocrx_word' id='word_1_198' title='bbox 562 4363 743 4448; x_wconf 86' lang='lat' dir='ltr'>psallentes</span> <span class='ocrx_word' id='word_1_199' title='bbox 760 4381 842 4426; x_wconf 88' lang='lat' dir='ltr'>voce</span> <span class='ocrx_word' id='word_1_200' title='bbox 857 4361 921 4444; x_wconf 91' lang='lat' dir='ltr'>pia.</span> 
     </span>
    </p>
   </div>
   <div class='ocr_carea' id='block_1_21' title="bbox 782 4493 799 4538">
    <p class='ocr_par' dir='ltr' id='par_1_32' title="bbox 782 4493 799 4538">
     <span class='ocr_line' id='line_1_64' title="bbox 782 4493 799 4538; baseline 0 0"><span class='ocrx_word' id='word_1_201' title='bbox 782 4493 799 4538; x_wconf 88' lang='lat'><em>2</em></span> 
     </span>
    </p>
   </div>
   <div class='ocr_carea' id='block_1_22' title="bbox 560 4583 904 5046">
    <p class='ocr_par' dir='ltr' id='par_1_33' title="bbox 560 4583 904 5046">
     <span class='ocr_line' id='line_1_65' title="bbox 561 4583 835 4658; baseline -0.015 -11"><span class='ocrx_word' id='word_1_202' title='bbox 561 4584 680 4648; x_wconf 84' lang='lat' dir='ltr'>Maria</span> <span class='ocrx_word' id='word_1_203' title='bbox 696 4583 835 4658; x_wconf 91' lang='lat' dir='ltr'>beatior,</span> 
     </span>
     <span class='ocr_line' id='line_1_66' title="bbox 560 4678 862 4753; baseline -0.017 -10"><span class='ocrx_word' id='word_1_204' title='bbox 560 4681 737 4743; x_wconf 90' lang='lat' dir='ltr'>virtutibus</span> <span class='ocrx_word' id='word_1_205' title='bbox 753 4678 862 4753; x_wconf 92' lang='lat' dir='ltr'>ditior,</span> 
     </span>
     <span class='ocr_line' id='line_1_67' title="bbox 561 4773 904 4856; baseline -0.009 -18"><span class='ocrx_word' id='word_1_206' title='bbox 561 4776 687 4838; x_wconf 88' lang='lat' dir='ltr'>artibus</span> <span class='ocrx_word' id='word_1_207' title='bbox 704 4773 882 4856; x_wconf 88' lang='lat' dir='ltr'>perfectior</span> <span class='ocrx_word' id='word_1_208' title='bbox 898 4793 904 4850; x_wconf 91' lang='lat'><strong>;</strong></span> 
     </span>
     <span class='ocr_line' id='line_1_68' title="bbox 562 4867 890 4945; baseline -0.015 -10"><span class='ocrx_word' id='word_1_209' title='bbox 562 4869 684 4934; x_wconf 86' lang='lat' dir='ltr'>Perfice</span> <span class='ocrx_word' id='word_1_210' title='bbox 701 4889 762 4933; x_wconf 91' lang='lat' dir='ltr'>nos</span> <span class='ocrx_word' id='word_1_211' title='bbox 776 4869 810 4931; x_wconf 90' lang='lat' dir='ltr'>in</span> <span class='ocrx_word' id='word_1_212' title='bbox 827 4867 890 4945; x_wconf 86' lang='lat' dir='ltr'>via,</span> 
     </span>
     <span class='ocr_line' id='line_1_69' title="bbox 560 4964 896 5046; baseline -0.009 -15"><span class='ocrx_word' id='word_1_213' title='bbox 560 4968 711 5031; x_wconf 82' lang='lat' dir='ltr'>vivamus</span> <span class='ocrx_word' id='word_1_214' title='bbox 727 4965 761 5029; x_wconf 90' lang='lat' dir='ltr'>in</span> <span class='ocrx_word' id='word_1_215' title='bbox 779 4964 896 5046; x_wconf 89' lang='lat' dir='ltr'>patria.</span> 
     </span>
    </p>
   </div>
   <div class='ocr_carea' id='block_1_23' title="bbox 1192 3981 1518 4430">
    <p class='ocr_par' dir='ltr' id='par_1_34' title="bbox 1192 3981 1518 4430">
     <span class='ocr_line' id='line_1_70' title="bbox 1198 3981 1514 4060; baseline 0.003 -15"><span class='ocrx_word' id='word_1_216' title='bbox 1198 3981 1319 4046; x_wconf 83' lang='lat' dir='ltr'>Gratia</span> <span class='ocrx_word' id='word_1_217' title='bbox 1336 3981 1514 4060; x_wconf 88' lang='lat' dir='ltr'>secundior,</span> 
     </span>
     <span class='ocr_line' id='line_1_71' title="bbox 1195 4077 1518 4161; baseline 0.006 -21"><span class='ocrx_word' id='word_1_218' title='bbox 1195 4077 1360 4160; x_wconf 86' lang='lat' dir='ltr'>dignitate</span> <span class='ocrx_word' id='word_1_219' title='bbox 1376 4077 1518 4161; x_wconf 86' lang='lat' dir='ltr'>dignior,</span> 
     </span>
     <span class='ocr_line' id='line_1_72' title="bbox 1192 4173 1476 4252; baseline 0 -16"><span class='ocrx_word' id='word_1_220' title='bbox 1192 4173 1331 4236; x_wconf 87' lang='lat' dir='ltr'>caritate</span> <span class='ocrx_word' id='word_1_221' title='bbox 1346 4174 1453 4238; x_wconf 90' lang='lat' dir='ltr'>carior</span> <span class='ocrx_word' id='word_1_222' title='bbox 1468 4195 1476 4252; x_wconf 92' lang='lat'>;</span> 
     </span>
     <span class='ocr_line' id='line_1_73' title="bbox 1193 4267 1496 4349; baseline 0.013 -19"><span class='ocrx_word' id='word_1_223' title='bbox 1193 4267 1267 4331; x_wconf 91' lang='lat' dir='ltr'>Tua</span> <span class='ocrx_word' id='word_1_224' title='bbox 1285 4269 1496 4349; x_wconf 87' lang='lat' dir='ltr'>providentia</span> 
     </span>
     <span class='ocr_line' id='line_1_74' title="bbox 1192 4363 1502 4430; baseline 0.013 -4"><span class='ocrx_word' id='word_1_225' title='bbox 1192 4371 1306 4428; x_wconf 87' lang='lat' dir='ltr'>nostra</span> <span class='ocrx_word' id='word_1_226' title='bbox 1322 4363 1397 4428; x_wconf 90' lang='lat' dir='ltr'>dele</span> <span class='ocrx_word' id='word_1_227' title='bbox 1412 4365 1502 4430; x_wconf 90' lang='lat' dir='ltr'>vitia.</span> 
     </span>
    </p>
   </div>
   <div class='ocr_carea' id='block_1_24' title="bbox 1190 4582 1663 5033">
    <p class='ocr_par' dir='ltr' id='par_1_35' title="bbox 1192 4582 1536 4666">
     <span class='ocr_line' id='line_1_75' title="bbox 1192 4582 1536 4666; baseline 0.003 -21"><span class='ocrx_word' id='word_1_228' title='bbox 1192 4582 1297 4647; x_wconf 80' lang='lat' dir='ltr'>Plena</span> <span class='ocrx_word' id='word_1_229' title='bbox 1314 4603 1397 4666; x_wconf 88' lang='lat' dir='ltr'>pace</span> <span class='ocrx_word' id='word_1_230' title='bbox 1413 4584 1536 4666; x_wconf 87' lang='lat' dir='ltr'>purior,</span> 
     </span>
    </p>

    <p class='ocr_par' dir='ltr' id='par_1_36' title="bbox 1190 4679 1663 4858">
     <span class='ocr_line' id='line_1_76' title="bbox 1190 4679 1663 4763; baseline 0.008 -23"><span class='ocrx_word' id='word_1_231' title='bbox 1190 4697 1269 4759; x_wconf 90' lang='lat' dir='ltr'>prae</span> <span class='ocrx_word' id='word_1_232' title='bbox 1284 4679 1414 4744; x_wconf 91' lang='lat' dir='ltr'>cunctis</span> <span class='ocrx_word' id='word_1_233' title='bbox 1430 4681 1663 4763; x_wconf 88' lang='lat' dir='ltr'>praestantior,</span> 
     </span>
     <span class='ocr_line' id='line_1_77' title="bbox 1190 4774 1542 4858; baseline 0.009 -22"><span class='ocrx_word' id='word_1_234' title='bbox 1190 4774 1318 4838; x_wconf 85' lang='lat' dir='ltr'>auxilio</span> <span class='ocrx_word' id='word_1_235' title='bbox 1335 4777 1522 4858; x_wconf 91' lang='lat' dir='ltr'>promptior</span> <span class='ocrx_word' id='word_1_236' title='bbox 1536 4797 1542 4855; x_wconf 90' lang='lat'>;</span> 
     </span>
    </p>

    <p class='ocr_par' dir='ltr' id='par_1_37' title="bbox 1194 4869 1507 4938">
     <span class='ocr_line' id='line_1_78' title="bbox 1194 4869 1507 4938; baseline 0.026 -8"><span class='ocrx_word' id='word_1_237' title='bbox 1194 4869 1265 4933; x_wconf 92' lang='lat' dir='ltr'>Nos</span> <span class='ocrx_word' id='word_1_238' title='bbox 1282 4889 1354 4934; x_wconf 90' lang='lat' dir='ltr'>reos</span> <span class='ocrx_word' id='word_1_239' title='bbox 1371 4870 1507 4938; x_wconf 86' lang='lat' dir='ltr'>lascivia</span> 
     </span>
    </p>

    <p class='ocr_par' dir='ltr' id='par_1_38' title="bbox 1192 4967 1523 5033">
     <span class='ocr_line' id='line_1_79' title="bbox 1192 4967 1523 5033; baseline 0.018 -7"><span class='ocrx_word' id='word_1_240' title='bbox 1192 4967 1320 5030; x_wconf 90' lang='lat' dir='ltr'>resolve</span> <span class='ocrx_word' id='word_1_241' title='bbox 1336 4967 1523 5033; x_wconf 87' lang='lat' dir='ltr'>clementia.</span> 
     </span>
    </p>
   </div>
   <div class='ocr_carea' id='block_1_25' title="bbox 0 0 2062 5784">
    <p class='ocr_par' dir='ltr' id='par_1_39' title="bbox 0 0 2062 5784">
     <span class='ocr_line' id='line_1_80' title="bbox 0 0 2062 5784; baseline 0 5"><span class='ocrx_word' id='word_1_242' title='bbox 0 0 2062 5784; x_wconf 95' lang='lat' dir='ltr'> </span> 
     </span>
    </p>
   </div>
  </div>
 </body>
</html>
