4102 5790
628 586 771 641 PROSAE
798 585 1002 640 ECCLESIAE
1029 588 1254 641 LEODIENSIS
1511 590 1574 644 101

618 784 635 850 3

378 897 480 964 Iustis
495 897 599 964 letum
616 900 803 983 desperatis

377 1015 396 1058 a
411 1005 445 1059 te
460 996 569 1060 verbis
585 998 734 1061 veritatis

419 1089 506 1155 filius
522 1094 728 1176 promittitur
745 1117 751 1172 ;

376 1187 469 1251 Idem
488 1198 604 1253 natum
622 1189 801 1272 baptizasti

376 1303 472 1367 quem
490 1293 567 1367 post
585 1295 725 1350 mortem
744 1286 906 1350 revocasti

417 1378 555 1444 flumine
570 1383 651 1446 dum
669 1383 838 1465 mergitur.

612 1537 635 1600 4

375 1662 515 1728 Manum
532 1663 590 1728 diu
607 1661 804 1728 dissolutam

374 1758 520 1823 mulieris
536 1761 726 1824 restitutam

417 1865 476 1919 tuo
491 1856 614 1920 scimus
632 1875 778 1920 munere.

375 1949 473 2014 Miles
490 1971 575 2034 pene
591 1951 774 2015 suffocatus

374 2046 472 2110 turba
487 2047 690 2111 daemonum
707 2049 850 2130 stipatus

416 2163 475 2226 per
490 2151 523 2207 te
539 2143 628 2226 cepit
644 2145 763 2209 vivere.

1253 782 1268 850 5

922 891 924 896 ’
1007 900 1117 983 Capta
1134 899 1237 964 tristis
1253 899 1335 964 dum
1352 907 1518 978 causatur,

1006 997 1110 1080 frigus
1127 997 1241 1072 nescit,
1262 996 1320 1059 sed
1334 995 1464 1060 velatur

1051 1101 1144 1157 veste
1160 1093 1311 1155 nundum
1329 1091 1445 1156 habita
1459 1115 1467 1172 ;

1004 1189 1083 1253 Non
1101 1197 1152 1253 est
1169 1188 1241 1252 leve
1256 1187 1427 1252 declarare

1006 1306 1090 1368 quos
1106 1293 1140 1349 et
1155 1294 1301 1368 quantos
1317 1283 1475 1350 decorare
1582 1364 1584 1368 Ι

1050 1380 1160 1445 solent
1176 1391 1234 1445 tua
1251 1381 1378 1446 merita.

1243 1518 1266 1583 6

1007 1664 1099 1748 Ergo
1114 1683 1252 1727 consors
1268 1663 1463 1747 angelorum

1006 1760 1052 1823 sis
1069 1769 1230 1842 patronus
1246 1759 1452 1826 servulorum

1050 1855 1083 1918 in
1101 1855 1225 1921 Christi
1242 1856 1439 1939 praesentia,

1007 1952 1052 2015 Et
1068 1951 1202 2014 adiutos
1218 1961 1277 2016 tua
1294 1972 1391 2034 prece

1008 2049 1100 2111 muni
1116 2067 1136 2110 a
1153 2049 1288 2130 perenni
1305 2069 1387 2112 nece

1050 2144 1230 2227 impetrata
1246 2145 1352 2210 venia.

347 2318 553 2370 Manusortts.
579 2315 794 2370 STONYHURST
810 2333 816 2370 ε
830 2313 946 2385 Collige
959 2313 1010 2370 des
1022 2313 1154 2384 Jesuites‚
1169 2327 1208 2384 tv,
1223 2315 1322 2370 Missel
1336 2315 1372 2372 de
1382 2314 1476 2387 Liege,
1492 2331 1567 2386 1472,

307 2393 364 2449 ST.
379 2395 569 2450 Bauxutttts
582 2413 588 2448 ε
599 2395 670 2448 Bibl.
679 2395 759 2465 Roy.,
769 2395 846 2464 3782,
857 2395 967 2464 Missel,
976 2393 1206 2462 xvs-xvtrsiectes,
1215 2395 1276 2450 BB.
1293 2397 1440 2452 MnLrNEs
1452 2415 1459 2452 :
1470 2397 1571 2454 Missel

307 2483 495 2544 appartenant
518 2491 553 2528 au
574 2475 642 2530 Rev.
663 2475 708 2530 W.
722 2493 777 2529 van
798 2477 906 2544 Caster,
920 2474 1037 2530 xvs-xvt
1049 2473 1242 2545 siecles,MA.
1266 2477 1444 2533 UTRECHT:
1467 2478 1569 2534 Musee

309 2553 544 2625 archiepiscopal,
559 2554 668 2624 Missel‚
681 2571 745 2610 vers
762 2567 837 2625 1510,
855 2555 917 2610 UA.

349 2677 396 2727 rb
426 2683 526 2730 nostro
541 2675 605 2730 Deo
619 2674 692 2728 MA.
731 2673 804 2744 patri
817 2673 878 2746 pari
893 2673 956 2729 UA.
986 2691 1004 2728 c
1032 2675 1062 2728 in
1075 2674 1209 2730 Rumoldi
1222 2675 1313 2746 gloria
1326 2675 1399 2731 MA.
1433 2681 1448 2731 f
1472 2678 1568 2746 gratia

312 2751 384 2807 MA.

347 2846 362 2886 2
382 2833 471 2888 Entre
486 2833 527 2889 les
541 2834 673 2904 strophes
690 2849 700 2888 1
716 2844 744 2890 et
758 2849 782 2903 2,
796 2851 833 2888 on
846 2831 878 2889 lit
887 2833 961 2888 dans
974 2833 1038 2888 MA
1052 2851 1063 2888 .·

618 3028 634 3067 2

414 3143 468 3212 Qui
487 3141 574 3213 regali
593 3142 681 3214 stirpe
698 3151 783 3198 natus

415 3221 498 3277 etad
517 3239 635 3292 regnum
655 3232 790 3279 evocatus

450 3301 600 3372 dereliquit
619 3303 723 3358 omnia.

416 3383 516 3437 Mundi
536 3381 640 3437 fastum
661 3399 678 3437 a
697 3400 728 3437 se
747 3381 822 3452 iecit,

414 3471 610 3532 paupertatem
630 3462 794 3533 praeelegit,

449 3557 587 3612 spernens
606 3542 778 3598 transitoria.

616 3687 631 3742 3

414 3813 466 3867 Ad
478 3811 611 3867 honorem
628 3813 813 3882 praesulatus

413 3898 453 3947 est
471 3892 614 3948 Dublinae
631 3895 801 3964 postulatus,

438 3974 563 4042 sumtus
578 3975 754 4039 suerunt,-

418 4053 535 4106 Terram
554 4053 662 4106 lustrat
679 4055 731 4108 νίν
746 4055 878 4126 inustionis,

411 4133 630 4203 gentes'salvat,
647 4134 776 4204 splendet
790 4137 891 4207 signes,

448 4213 600 4269 decoratus
617 4214 738 4284 Angelo.

1249 3027 1266 3080 4

1010 3143 1061 3196 Eu
1076 3143 1186 3198 virtute
1204 3143 1329 3196 Deitatis

1010 3223 1105 3276 reddit
1122 3227 1200 3276 tutae
1216 3223 1353 3276 sanitatis

1045 3302 1194 3372 languidis
1211 3302 1354 3367 remedia,·

1012 3382 1072 3436 Dea
1086 3385 1183 3453 preces
1201 3383 1282 3452 effert
1298 3383 1385 3452 iuges,

999 3461 1108 3532 fundit
1123 3463 1233 3532 imbres,
1251 3463 1360 3528 confert
1368 3461 1482 3533 smges,

1047 3543 1124 3596 vitae
1142 3543 1291 3597 victualia.

1251 3685 1264 3742 5

1010 3811 1087 3881 Quid
1105 3811 1254 3883 loquamur
1272 3827 1346 3882 quae
1365 3810 1539 3866 cernuntur?

1010 3911 1061 3964 per
1079 3909 1110 3947 se
1129 3891 1198 3946 satis
1217 3891 1387 3961 eloquuntur

1046 3973 1150 4044 ubique
1168 3971 1312 4026 miracula.

1011 4055 1144 4108 Daemon
1163 4049 1247 4120 cedit,
1266 4067 1343 4104 mors
1362 4049 1469 4119 obedit,

1011 4132 1170 4204 desperatis
1189 4131 1266 4186 salus
1285 4129 1367 4200 redit,

1045 4213 1116 4283 fugit
1136 4213 1232 4283 leprae
1251 4210 1370 4266 macula

705 4445 793 4516 Quem
813 4443 859 4500 hic
878 4461 969 4515 pagus
987 4449 1153 4514 veneratur,

702 4527 785 4579 cuius
801 4525 880 4578 sacri
895 4523 1047 4578 decoratur

738 4603 865 4674 coeperis
881 4601 1019 4672 custodia,

704 4687 786 4742 Miris
805 4686 853 4742 ille
873 4686 961 4755 fulget
981 4685 1079 4756 signis,

703 4768 855 4824 sanctitate
873 4767 916 4821 vir
935 4765 1054 4836 insignis

738 4857 767 4903 et
785 4847 921 4902 virtutum
939 4845 1039 4916 gratia

349 4991 430 5045 Deux
442 4991 477 5047 de
497 5009 544 5048 ces
565 4992 696 5062 strophas
719 4992 746 5060 (3
759 5001 787 5047 et
800 4992 829 5059 4)
849 5002 913 5048 sont
927 4991 1107 5063 empruntees
1129 4992 1187 5046 ala
1202 4991 1290 5044 Prose
1310 4991 1346 5045 de
1371 4991 1399 5046 S.
1412 4987 1568 5059 Domitian,

308 5071 342 5128 cl
361 5076 393 5126 n⁰
412 5072 464 5141 ⁶35
494 5074 536 5129 les
558 5071 627 5128 trois
648 5074 784 5146 premiers
803 5090 868 5131 vers
892 5073 975 5131 d’une
1000 5081 1080 5130 autre
1102 5071 1140 5146 (6)
1162 5071 1295 5128 viennent
1316 5070 1401 5129 dela
1423 5071 1512 5128 Prose
1533 5069 1570 5128 de
