4102 5792
651 522 793 574 PROSAE
820 519 1025 570 ECCLESIAE
1053 521 1296 572 REDONENSIS
1527 523 1598 595 455

384 820 466 884 Tres
482 815 670 880 vehuntur:
691 833 773 897 puer
793 812 911 890 almus,
1015 814 1112 896 Lupo
1129 815 1219 878 iubet
1236 823 1269 877 et
1285 814 1398 878 obedit

382 933 497 997 cespes
514 921 630 987 terrae,
646 909 756 973 David
773 909 922 991 psalmus
1012 917 1047 972 ut
1063 909 1155 972 aselli
1171 929 1270 991 quem
1287 911 1433 974 comedit

426 1009 531 1073 illaesi
548 1027 608 1090 per
624 1007 737 1082 maria,
1057 1015 1205 1068 assumat
1220 1003 1365 1067 officium
1380 1027 1388 1082 ;

385 1103 639 1170 lncombustum
657 1101 892 1165 vestimentum
1013 1100 1047 1164 A
1062 1109 1215 1182 serpente
1231 1100 1436 1164 vulneratam

383 1203 493 1266 lumen
512 1201 632 1263 ardens
647 1207 699 1261 est
716 1198 886 1260 inventum
1013 1215 1133 1260 curans
1149 1196 1247 1259 solvit
1264 1205 1463 1274 catenatam,

424 1297 629 1362 exstinctum
646 1294 779 1358 invidia.
1013 1291 1186 1375 expellens
1202 1293 1427 1356 daemonium.

380 1529 481 1594 Guini
498 1527 597 1592 castri
613 1526 720 1590 sactus
736 1524 867 1608 praesul
1014 1524 1108 1589 Idem
1126 1543 1245 1588 caecae
1261 1525 1404 1590 reddens
1420 1527 1527 1590 lucem

380 1625 422 1689 ad
440 1623 619 1688 Britannos
635 1622 660 1686 it
677 1631 713 1686 ut
730 1620 825 1684 exsul
1012 1620 1247 1684 Britannorum
1266 1641 1401 1684 caecum
1419 1624 1536 1685 ducem

423 1741 499 1784 cum
516 1739 624 1803 pauco
641 1719 775 1800 navigio
791 1739 798 1796 ;
1054 1726 1171 1780 sancto
1187 1726 1283 1781 sanat
1299 1717 1382 1796 ole0,

381 1817 443 1882 Cui
459 1827 593 1900 portum
610 1815 836 1898 praesignavit
1013 1813 1079 1896 Qui
1095 1814 1266 1896 gigantem
1284 1816 1455 1878 suscitavit

380 1935 488 1998 quove
504 1914 624 1978 tendat
640 1911 800 1976 indicavit
1012 1909 1065 1973 hic
1082 1910 1125 1974 ad
1143 1912 1245 1974 vitam
1263 1915 1430 1976 revocavit

422 2011 616 2094 angelorum
633 2010 760 2074 concio.
1051 2007 1255 2090 exstinctum
1272 2008 1304 2071 in
1322 2018 1431 2090 puteo.

380 2237 442 2301 Est
459 2237 589 2318 insigne
605 2236 737 2318 signum
754 2233 889 2310 trinum,
1011 2233 1226 2298 Maledictam
1245 2235 1277 2298 in
1295 2255 1428 2318 egressu

380 2353 457 2396 narn
474 2333 516 2396 de
533 2331 673 2414 lympha
689 2330 767 2394 lecit
782 2329 907 2406 vinum,
1010 2337 1131 2393 terram
1149 2329 1248 2394 solvit
1264 2332 1296 2394 in
1315 2351 1465 2413 regressu

422 2449 480 2492 vas
496 2428 572 2492 vitri
588 2429 630 2492 de
646 2425 766 2509 lapide,
1053 2445 1073 2488 a
1088 2426 1248 2506 pressuris
1264 2427 1429 2506 omnibus,

363 2525 459 2588 -Vite
474 2525 592 2588 datum
609 2543 676 2606 quo
692 2521 843 2604 potavit:
1011 2520 1076 2583 Die
1092 2532 1191 2598 certa,
1207 2522 1296 2585 sebre
1313 2532 1421 2587 tactus

379 2621 420 2683 ad
437 2621 528 2702 quod
545 2619 677 2702 signum
695 2617 879 2700 baptizavit
1011 2617 1203 2698 exspiravit,
1215 2638 1344 2682 sursum
1362 2629 1495 2698 tractus,

421 2727 539 2799 gentes
555 2715 645 2778 urbis
660 2713 814 2797 perfidae.
1054 2713 1181 2794 angelis
1198 2715 1419 2780 cantantibus.

636 2823 658 2885 6
1262 2840 1300 2886 ro

378 2934 483 2998 Novis
499 2936 611 3018 signis,
628 2955 714 3000 nova
731 2935 804 3016 lege
1010 2933 1247 3014 Supplicamus
1265 2954 1324 2997 nos
1341 2937 1505 3000 immundi
1537 3022 1540 3028 Ι

377 3051 464 3094 novo
479 3030 619 3113 templo,
634 3050 722 3095 novo
738 3050 840 3112 grege
1007 3037 1043 3090 ut
1059 3029 1187 3090 calcato
1205 3027 1287 3092 luxu
1305 3033 1421 3093 mundi

419 3127 498 3190 urbs
514 3147 601 3191 nova
619 3128 654 3191 fit
670 3127 831 3209 praesule,
1007 3145 1065 3206 per
1081 3134 1114 3187 te
1131 3125 1246 3188 mundi
1264 3125 1376 3203 simus,
1393 3129 1509 3191 mundi

379 3222 424 3286 Et
438 3224 481 3286 de
497 3243 582 3306 capa
598 3224 729 3304 signum
747 3223 828 3285 mite
1051 3220 1184 3283 caelesti
1203 3221 1375 3298 munditia,
1414 3249 1416 3254 ·

377 3328 410 3382 et
425 3319 469 3382 de
484 3339 563 3380 suae
579 3338 680 3400 quam
697 3317 755 3381 dat
771 3317 860 3380 vitae
1007 3315 1084 3391 Ora,
1101 3325 1204 3397 pater,
1220 3335 1336 3397 regum
1355 3317 1483 3401 Regem

420 3413 550 3496 praesul
568 3423 679 3476 custos
696 3413 836 3495 regulae.
1007 3422 1044 3474 ut
1062 3411 1139 3474 Rex
1155 3432 1214 3493 per
1230 3421 1264 3474 te
1280 3423 1411 3493 partum
1433 3434 1568 3496 gregem

450 3513 453 3520 ’
1007 3529 1071 3571 non
1090 3517 1330 3589 transgressum
1348 3510 1463 3573 datam
1481 3510 1587 3593 legem

1049 3603 1189 3684 dignum
1207 3603 1326 3668 reddat
1342 3603 1456 3687 gloria.

368 3773 420 3823 ab
449 3768 528 3824 fluxit
540 3769 647 3839 pietate
661 3769 798 3822 Redonen.

367 3863 414 3912 4ο
443 3865 501 3920 quo
514 3864 549 3903 ve
561 3848 699 3902 Redonen.

368 3927 384 3980 8
397 3943 414 3981 o
445 3944 529 3982 sacco
542 3937 624 3982 sanat
638 3927 775 3980 [redonen.
786 3941 860 3995 1492.
894 3928 934 3980 La
947 3927 1023 3982 faute
1038 3937 1080 3982 est
1093 3927 1220 3998 corrigee
1232 3928 1304 3984 dans
1316 3931 1538 4000 Redonen.1500.

563 4185 644 4254 323.
680 4160 738 4234 nv
771 4160 1011 4236 ocrnvrs
1041 4161 1078 4235 s.
1104 4164 1364 4237 nnnrrnr.

640 4387 651 4431 1
1267 4390 1285 4434 2

375 4480 569 4546 Gratuletur
586 4481 663 4546 urbs
679 4482 802 4546 devota
1009 4483 1130 4549 Omnis
1147 4486 1291 4548 mundus
1308 4486 1373 4549 iam
1391 4487 1532 4549 laetetur

375 4578 587 4642 Turonorum
606 4587 718 4643 mente
735 4587 808 4642 tota
1009 4589 1042 4644 et
1057 4581 1185 4643 sincere
1201 4590 1375 4644 veneretur

419 4675 576 4736 concordi
594 4673 730 4752 laetitia,
1051 4676 1154 4758 ipsius
1171 4675 1355 4752 sollemnia,

379 4768 477 4832 Plebs
493 4769 629 4832 resultet
647 4769 837 4846 electorum,
1009 4772 1054 4834 Et
1071 4792 1131 4834 nos
1147 4791 1264 4835 omnes
1281 4772 1457 4836 iubilemus

378 4872 474 4927 sonet
490 4873 523 4926 et
540 4863 611 4927 lans
627 4862 819 4927 clericorum
1006 4875 1040 4930 et
1055 4867 1197 4930 iocunde
1213 4867 1416 4930 celebremus

422 4960 454 5022 in
473 4959 610 5023 Martini
627 4959 742 5042 gloria.
1050 4963 1120 5026 eius
1137 4963 1295 5028 natalitia.
