4102 5792
466 428 540 496 424
787 425 928 476 PROSAE
957 425 1161 478 ECCLESIAE
1191 431 1410 484 LVBICENSIS

768 619 790 682 9
1137 609 1291 690 quamvis
1307 609 1426 692 plenus
1442 621 1696 692 tormentorum,

511 715 657 780 Demum
675 715 780 796 surgit
796 713 885 777 crine
901 723 1035 792 tractus,
1138 724 1251 768 curam
1268 725 1347 788 gere
1362 708 1598 790 Osphass0fflm2

511 832 625 895 pugno
641 820 779 886 mactus,
795 809 889 874 clava
904 819 1014 874 tactus
1184 801 1216 864 in
1234 801 1319 864 valle
1335 804 1488 869 miseriae
1501 807 1508 868 l
1520 805 1537 834 ’¹

554 907 597 970 ab
613 905 735 970 insecta
751 904 896 969 turmula
912 927 918 984 ;
1141 931 1182 940 -
1199 901 1214 928 “
1230 896 1307 960 Non
1318 907 1352 962 te
1364 898 1523 984 linquam,
1534 901 1589 983 pia
1603 913 1726 983 mater;

512 1003 591 1066 Non
608 1011 658 1066 est
674 1002 770 1064 dolor
786 1020 895 1084 neque
909 1021 1019 1084 poena
1141 1002 1240 1057 Vocat
1257 993 1314 1057 ΜΘ
1330 1015 1348 1058 e
1365 996 1493 1061 mundo
1511 998 1617 1073 Pales.

510 1117 648 1182 compar
662 1096 739 1160 huic
755 1115 856 1180 quarn
870 1115 987 1160 serena
1140 1097 1177 1152 tu
1195 1097 1348 1154 matrona
1363 1099 1397 1154 et
1413 1102 1597 1157 commater

554 1193 632 1258 tulit
647 1212 722 1256 cum
740 1193 903 1257 decentia.
1184 1205 1340 1267 apexque
1355 1185 1562 1252 clementiae.
1576 1187 1592 1214 ’'

764 1321 802 1368 10
1397 1325 1432 1370 12

513 1407 622 1470 Carne
638 1405 761 1472 Christi
779 1403 973 1469 conclavata

514 1505 546 1566 in
563 1521 672 1584 agone
687 1509 900 1576 tormentata,

512 1599 623 1662 Mater
639 1605 754 1660 sancta
769 1597 1005 1660 commendata

555 1714 633 1758 caro
648 1701 699 1756 est
714 1691 899 1773 discipulo;

512 1787 608 1872 Quae
623 1789 704 1852 dum
721 1787 804 1850 vidit
820 1788 1016 1850 moriturum

511 1905 548 1948 ac
565 1905 585 1947 a
601 1884 728 1947 mundo
745 1903 948 1946 recessurum

512 1981 634 2056 lesum,
649 1989 745 2062 optat
761 1977 859 2056 hunc,
873 1979 1030 2043 daturum

554 2084 775 2157 protectorem
793 2073 940 2156 populo:

1144 1435 1235 1518 Ergo
1252 1446 1358 1500 mater
1373 1448 1407 1500 et
1423 1448 1586 1518 matrona,

1141 1531 1223 1593 caeli
1240 1541 1413 1616 terraeque
1429 1555 1562 1611 corona,

1142 1626 1255 1690 confer
1271 1627 1366 1691 nobis
1383 1629 1507 1694 Christi
1524 1631 1634 1694 dona:

1140 1733 1260 1786 cuncta
1277 1724 1400 1788 sistunt
1416 1725 1448 1788 in
1466 1734 1499 1788 te
1515 1726 1604 1790 bona

1182 1820 1374 1901 sempiterni
1391 1820 1522 1884 delubri
1536 1843 1544 1900 ;

1140 1913 1266 1996 Usque,
1281 1915 1396 1998 Virgo,
1411 1915 1493 1980 caeli
1511 1927 1616 1999 porta,

1138 2011 1180 2074 de
1196 2029 1262 2092 qua
1277 2029 1355 2073 vera
1371 2009 1431 2074 lux
1447 2021 1498 2076 est
1513 2023 1597 2088 orta,

1143 2107 1175 2168 in
1193 2125 1302 2188 agone
1318 2126 1378 2168 nos
1394 2108 1555 2184 conforta,

766 2203 799 2249 1¹
1145 2209 1181 2263 ut
1197 2220 1216 2262 a
1232 2200 1313 2262 seris
1328 2211 1361 2264 et
1378 2222 1397 2265 a
1413 2211 1511 2284 porta

511 2331 554 2343 —-
569 2303 585 2331 “
600 2294 662 2361 Fili
679 2297 795 2360 dulcor
811 2317 1040 2380 supernorum,
1185 2317 1340 2360 eruamur
1356 2297 1460 2362 inferi.

506 2439 519 2498 5
534 2445 554 2483 a
585 2427 757 2497 Magdalena
772 2427 901 2482 Lubicen.
916 2428 1075 2482 Sleswr'cen.
1106 2431 1127 2482 b
1153 2427 1238 2498 plena
1250 2427 1380 2482 Lubicen.
1391 2427 1549 2482 Sieswicen.
1571 2427 1611 2482 La
1620 2443 1727 2482 correc-

468 2509 526 2563 tion
532 2508 635 2578 plenae
648 2508 789 2579 s’impose,
802 2519 830 2562 et
843 2509 972 2563 entraine
986 2509 1057 2563 celle
1069 2508 1108 2562 du
1119 2508 1239 2579 premier
1252 2525 1314 2563 vers
1328 2529 1333 2563 :
1349 2508 1526 2579 Mngdalene.

505 2603 554 2655 7a
585 2605 751 2659 praeamara
764 2589 894 2644 Lubr'cen.

774 2791 856 2863 297.
889 2771 965 2844 na
995 2769 1219 2844 snuc‘m
1247 2769 1419 2844 ANNA.

775 2951 787 2996 1
1404 2947 1421 3010 3
1640 2999 1642 3002 .

509 3037 612 3100 Alma
628 3057 757 3119 parens,
773 3037 884 3113 Anna,
900 3038 1019 3118 gaude,
1140 3036 1234 3099 llaec
1250 3033 1329 3118 [est]
1346 3035 1444 3099 radix
1461 3035 1563 3098 Anna
1580 3036 1643 3117 pia,

511 3142 617 3195 mater
632 3133 723 3196 omni
741 3133 844 3215 digna
860 3133 967 3208 laude,
1141 3131 1235 3213 virga
1252 3130 1373 3193 florens
1390 3141 1441 3194 est
1458 3131 1574 3207 Maria,

555 3241 661 3295 mater
676 3240 791 3296 tantae
807 3229 893 3294 filiae
910 3255 916 3308 ;
1185 3229 1337 3294 Christus
1354 3241 1403 3292 est
1420 3228 1480 3292 flos
1498 3229 1640 3312 inclytus
1657 3252 1664 3308 ;

511 3328 614 3392 Anna
630 3339 718 3392 recte
735 3329 946 3410 nuncuparis,
1143 3327 1258 3408 Digna
1275 3327 1371 3390 radix
1389 3337 1439 3390 est
1455 3327 1592 3403 honore,

510 3425 588 3506 quia
604 3423 750 3505 gratiosa
766 3425 856 3506 paris
1140 3424 1233 3485 cuius
1250 3423 1344 3503 virga
1361 3421 1419 3484 tali
1436 3420 1516 3484 flore

555 3520 698 3582 Matrem
714 3521 825 3582 omnis
841 3521 978 3602 gratiae.
1185 3517 1384 3582 secundatur
1400 3518 1548 3582 caelitus.

772 3639 790 3685 ²
1401 3640 1424 3700 4

509 3725 612 3787 Anna
628 3724 713 3804 parit
730 3732 796 3786 tres
815 3723 949 3799 Marias,
1141 3724 1242 3786 Anna
1259 3721 1390 3784 stellam
1410 3721 1620 3797 matutinam,

509 3838 649 3901 quarum
667 3821 808 3898 primam
828 3819 932 3882 Isaias
1141 3819 1271 3883 stellam
1289 3819 1388 3880 maris
1405 3827 1438 3881 et
1456 3819 1603 3900 reginam

553 3914 721 3996 praedixit
737 3915 905 3991 divinitus,
1183 3913 1311 3996 peperit
1326 3912 1524 3976 clementiae
1541 3937 1548 3992 ;

511 4009 652 4092 Virgam
670 4009 784 4074 florem
801 4013 1037 4092 producturam
1140 4013 1218 4093 Ipsa
1235 4030 1310 4074 vere
1328 4009 1393 4072 iam
1411 4007 1563 4084 laetatur,

509 4109 738 4189 virginemque
754 4111 936 4188 parituram
1138 4109 1216 4190 quia
1234 4107 1345 4170 Deum
1361 4105 1608 4188 contemplatur

552 4205 642 4268 dono
655 4203 769 4268 Sancti
788 4205 939 4288 Spiritus.
1182 4205 1326 4268 revelata
1343 4204 1435 4268 facie.

832 4401 940 4476 Salve,
958 4411 1065 4464 mater
1082 4401 1200 4464 Matris
1218 4399 1353 4471 Christi.

834 4517 920 4580 quae
937 4497 1002 4560 iam
1020 4496 1101 4560 felix
1120 4496 1343 4558 conscendisti

875 4591 1018 4656 iubilans
1035 4593 1077 4655 ad
1095 4591 1230 4656 aethera
1246 4613 1253 4668 ;

831 4689 900 4752 lter
917 4687 1012 4750 nobis
1029 4696 1161 4770 praesta
1177 4697 1287 4750 tutum

830 4795 866 4848 ut
883 4785 916 4847 in
934 4783 1072 4848 Domini
1089 4785 1249 4848 virtutum

873 4878 1074 4943 collocemur
1091 4881 1239 4942 dextera.
