4108 5794
620 503 765 556 PROSAE
792 505 996 558 ECCLESIAE
1023 507 1260 560 SENONENSIS
1499 511 1569 586 215

615 699 632 763 3
1026 685 1126 764 hunc,
1142 705 1274 751 carcere
1291 689 1400 754 tenuit
1415 711 1422 770 ;

400 803 509 867 Multa
525 803 615 868 bona
631 804 758 868 clericis
1028 782 1061 846 51¹
1078 781 1143 846 ¹¹0⁰
1160 784 1225 848 dici
1242 785 1363 849 meruit

397 897 540 963 contulit
555 909 589 964 et
605 900 698 964 laicis
1114 899 1180 942 csse
1194 899 1289 944 coeca.

478 994 562 1076 pari
566 997 694 1076 forma,
1029 976 1136 1040 Tunis
1153 975 1214 1039 luit
1232 985 1392 1058 mortuus,

399 1091 471 1154 Nec
487 1109 585 1173 prece
602 1112 661 1154 nec
679 1093 787 1175 pretio
1029 1071 1122 1136 caelO
1139 1070 1176 1136 fit
1192 1082 1397 1158 Perpetuu83

396 1206 455 1251 sua
473 1207 567 1250 mens
584 1187 708 1252 iudicio
1030 1168 1114 1232 liber
1130 1168 1280 1232 declarat
1296 1189 1376 1234 suus
1422 1187 1424 1190 ·

471 1283 521 1366 fit
534 1295 693 1367 corrupta,
1114 1265 1191 1329 haec
1196 1265 1377 1348 praedicta.

399 1521 520 1587 Nullus
539 1533 608 1588 tam
626 1545 839 1609 summopere
1029 1555 1126 1618 Nitet
1143 1553 1311 1618 miraculis

397 1619 483 1684 vixit
499 1639 560 1683 suo
576 1629 737 1701 tempore,

485 1716 572 1778 valle
588 1725 707 1780 nostra.

398 1811 465 1875 Hic
482 1811 588 1876 multa
603 1812 751 1894 pericula

396 1928 514 1992 passus
530 1917 581 1972 est
596 1928 657 1991 per
672 1911 816 1990 saecula,

481 2024 577 2068 carne
591 2015 727 2087 sumpte.

1029 1651 1161 1734 magnis
1177 1660 1211 1714 et
1227 1651 1374 1733 parvulis

1028 1768 1128 1830 quem
1146 1747 1257 1811 vinxit
1273 1747 1415 1812 vinculis

1108 1864 1191 1925 gens
1205 1842 1335 1907 misera.

1028 1939 1132 2004 Cuius
1148 1940 1339 2022 precamine

1029 2036 1178 2124 fruamur
1194 2033 1320 2100 lumine

617 2131 633 2198 5
1029 2133 1094 2197 Dei
1111 2152 1187 2196 cum
1204 2132 1346 2216 Virgine

399 2229 685 2314 Damietarapuit
1109 2238 1278 2312 puerpera.

348 2395 556 2445 Manusortts.
574 2389 688 2445 Purus:
708 2391 781 2446 Bibl.
797 2389 950 2460 Mazarine,
962 2389 1024 2458 448,
1036 2387 1167 2444 Prosaire
1182 2387 1233 2443 des
1247 2387 1397 2456 Celestins,
1410 2389 1469 2444 11νίθ
1477 2387 1572 2457 siecle,

312 2470 346 2562 Ζ.
382 2471 616 2524 MONTPELUER
629 2488 635 2525 :
649 2470 721 2526 Bibl.
736 2471 772 2526 de
785 2457 893 2526 l'Ecole
905 2470 942 2526 de
960 2469 1120 2537 Medecine,
1131 2480 1173 2536 71,
1188 2467 1289 2523 Missel
1310 2468 1346 2524 de
1359 2469 1441 2538 Sens,
1454 2468 1572 2524 xive-xv'

315 2549 407 2685 ⁵¹ezeld'
416 2550 520 2699 llffiis
533 2638 561 2683 et
575 2629 724 2685 Ecclesiae
737 2630 980 2686 Fontisebralden.
997 2642 1073 2698 1534.

348 2723 364 2779 3
381 2708 473 2780 Apris
483 2709 525 2764 les
535 2709 604 2764 trois
618 2709 753 2780 premiers
767 2729 830 2766 vers
840 2711 877 2767 de
890 2721 964 2766 cette
977 2709 1102 2779 strophe,
1115 2725 1152 2763 on
1164 2707 1196 2763 lit
1209 2707 1281 2764 dans
1296 2706 1479 2764 Cenomamn.
1491 2727 1502 2764 .·

735 2813 792 2867 Hic
813 2813 904 2868 multa
924 2811 1059 2884 pericula,
1076 2820 1129 2866 etc.

313 2907 407 2962 εμὲ-(1.
418 2907 448 2962 la
459 2907 583 2964 seconde
595 2907 685 2979 partie
698 2909 735 2965 de
747 2920 828 2965 notre
840 2910 957 2980 strophe
968 2925 995 2976 4

349 2987 390 3042 La
402 2988 526 3042 seconde
544 2987 635 3058 partie
648 2989 684 3043 de
697 2999 778 3045 notre
791 2989 907 3060 strophe
921 3005 937 3058 3
949 2999 993 3044 est
1006 2989 1174 3056 totalement
1194 2989 1312 3044 absente
1332 2989 1369 3044 de
1390 2989 1573 3042 Cenomanen.

347 3083 396 3135 4a
429 3085 540 3122 summo
563 3085 649 3140 opere
669 3069 741 3124 MR.
774 3073 796 3123 b
823 3086 875 3124 suo
888 3068 954 3125 lecit
967 3079 1096 3139 tempore
1109 3070 1245 3124 Senonen.
1278 3068 1431 3140 Alaplace
1444 3067 1495 3123 des
1507 3084 1573 3122 vers

321 3164 340 3203 a
351 3158 378 3203 et
392 3153 421 3218 b,
434 3165 471 3202 on
485 3147 516 3203 lit
529 3147 602 3202 dans
614 3149 856 3204 Fontisebralden.
872 3162 940 3219 1534
956 3167 963 3204 :

765 3255 870 3310 Nullus
883 3271 969 3310 carne
982 3254 1115 3323 sanctior,

766 3335 860 3390 nullus
870 3345 966 3390 mente
977 3334 1082 3407 purior.

350 3441 404 3496 Les
416 3439 485 3495 trois
502 3441 638 3512 premiers
653 3459 715 3497 vers
729 3442 765 3497 de
777 3441 805 3497 la
825 3441 967 3512 strophe5
986 3441 1160 3512 templacent
1185 3443 1226 3496 les
1244 3442 1313 3497 trois
1334 3441 1462 3497 demiers
1487 3441 1524 3498 de
1545 3442 1574 3498 la

315 3521 737 3590 strophesdansCenomanen.
770 3527 791 3576 d
823 3521 912 3576 multa
925 3522 1038 3592 piacula
1050 3523 1084 3577 Ζ.
1107 3528 1122 3577 r
1150 3539 1233 3578 cruce
1251 3533 1364 3592 sumpta
1383 3522 1574 3578 Fontisebral·

312 3601 372 3655 den.
409 3602 490 3657 Cette
508 3602 636 3658 variante
650 3603 838 3658 interessente
856 3620 893 3658 ne
906 3604 1015 3659 semble
1032 3620 1084 3673 pas
1097 3604 1156 3659 etre
1178 3605 1206 3658 la
1223 3605 1301 3660 vraie
1313 3606 1403 3674 lec-on.
1433 3606 1512 3658 Tous
1531 3605 1573 3660 les

313 3691 408 3736 autres
432 3699 495 3737 vers
508 3683 556 3755 qui
577 3684 730 3739 terminent
743 3683 853 3754 chaque
875 3682 1083 3754 demi-strophe
1101 3693 1166 3738 sont
1179 3685 1390 3740 textuellement
1404 3684 1520 3739 extraits
1533 3684 1572 3740 du

312 3759 530 3829 laetabundum·
560 3765 651 3819 Cruce
664 3775 778 3835 sumpta
790 3764 875 3818 serait
889 3763 917 3817 la
929 3764 1007 3818 seule
1022 3765 1181 3835 exception.
1348 3757 1352 3764 ’

351 3854 399 3912 se
430 3841 595 3898 Damietam
611 3843 794 3898 Cenomanen.
825 3861 842 3898 e
871 3844 961 3898 Tunis
972 3844 1089 3899 tandem
1103 3841 1342 3898 Fontisebralden.
1356 3857 1430 3913 1534.

352 3922 398 3977 60
428 3939 513 3993 quem
531 3923 641 3978 strinxit
654 3923 895 3978 Fontisebralden.
912 3936 986 3993 1534
1019 3941 1035 3979 e
1067 3922 1138 3980 Eius
1152 3925 1315 3996 precamine
1329 3924 1363 3978 Z.
1380 3923 1573 3980 Fontthebral-

313 4001 462 4073 114111534.

396 4250 475 4319 144.
507 4226 582 4300 DE
612 4227 652 4302 S.
675 4227 816 4302 LVPO
847 4227 1118 4304 EPISCOPO
1147 4227 1495 4304 SENONENSI.

623 4451 634 4495 1
1118 4432 1166 4496 illi
1182 4433 1303 4516 gaude,

362 4529 427 4594 Hic
443 4529 586 4608 exsulta,
603 4529 698 4613 plebs
717 4529 842 4593 fidelis:
1118 4529 1197 4612 quia
1213 4529 1312 4594 laude

360 4628 425 4690 iam
441 4625 589 4690 exsultat
607 4627 705 4710 Lupo
721 4627 821 4691 caelis
1031 4627 1154 4708 dignus
1171 4635 1221 4690 est
1237 4635 1271 4692 et
1286 4626 1415 4711 gloria;

401 4723 594 4786 caelestium
611 4723 711 4788 curia.
990 4724 1039 4788 Os
1055 4725 1088 4786 in
1105 4743 1229 4786 vanum
1244 4743 1285 4787 ne
1302 4723 1442 4804 laboret,

617 4836 634 4880 2
985 4819 1076 4904 quod
1092 4837 1130 4881 os
1146 4819 1246 4896 canit,
1262 4821 1325 4884 hoc
1343 4843 1438 4886 mens
1455 4833 1537 4900 oret,

490 4914 550 4979 Ori
567 4924 680 4980 mente
1032 4917 1190 4982 concordi
1206 4917 1343 4982 laetitia.

494 5011 716 5094 praecinente,
