4102 5792
542 563 684 612 PROSAE
714 563 915 615 ECCLESlAE
942 565 1302 616 AVTISSIODORENSIS
1483 567 1554 639 415

487 792 569 858 ²91·
602 767 677 839 DE
707 767 747 840 S.
781 767 1050 840 IOHANNE
1084 766 1366 839 BAPTISTA.

606 1005 616 1048 ¹
1107 1063 1108 1066 ,
1233 1001 1248 1063 3

340 1126 412 1188 Vos
429 1122 590 1206 primaevi
608 1121 799 1184 fundatores
973 1121 1065 1184 Inter
1081 1140 1140 1182 vos
1157 1127 1207 1182 est
1223 1120 1377 1200 agonista

341 1231 372 1285 et
389 1219 543 1284 ardentes
559 1217 750 1281 defensores
970 1235 1090 1298 praeco
1108 1215 1230 1280 Christi
1247 1224 1280 1277 et
1297 1215 1449 1304 baptista.

383 1313 549 1378 nascentis
567 1312 745 1388 Ecclesiae,
1012 1312 1045 1374 in
1062 1321 1223 1392 tyrannos
1240 1309 1431 1386 fulminans

341 1412 456 1475 Nubes
472 1409 551 1472 estis
566 1409 789 1472 discurrentes
970 1407 1149 1470 Genimina
1165 1408 1352 1489 viperarum

340 1518 373 1571 et
389 1505 564 1569 columbae
580 1504 801 1585 gemiscentes
972 1502 1166 1565 Pharisaeos
1182 1511 1215 1565 et
1233 1501 1423 1566 Scribarum

382 1602 518 1683 planctu
535 1600 772 1680 poenitentiae.
1012 1597 1212 1661 fermentum
1229 1597 1413 1660 eliminans.

604 1752 621 1796 ²
1231 1753 1254 1813 4

342 1871 413 1934 Vos
429 1869 628 1952 caliginosas
645 1879 774 1932 mentes
973 1867 1157 1950 Singularis
1173 1869 1368 1950 prophetiae

342 1969 573 2052 perlustrastis,
589 1977 622 2031 et
638 1977 768 2032 arentes
970 1965 1043 2030 luce
1059 1965 1151 2029 fulsit
1167 1976 1201 2030 et
1219 1967 1339 2036 Heliae

385 2088 482 2149 agros
499 2064 682 2128 infidelium
838 2057 841 2062 ⁵
1014 2063 1136 2126 virtute
1153 2063 1360 2144 praeclaruit,

344 2161 560 2246 Compluistis
576 2159 658 2223 caeli
676 2181 757 2236 rore,
973 2159 1159 2223 Saltatricis
1176 2158 1344 2222 levitatem

342 2261 531 2342 picturastis
548 2277 635 2321 novo
651 2256 731 2320 flore
971 2266 1004 2319 et
1024 2255 1170 2319 Herodis
1186 2255 1351 2321 feritatem

386 2366 420 2421 et
436 2357 541 2422 fructu
559 2354 747 2418 fruentium.
1016 2361 1209 2416 constanter
1225 2355 1401 2437 redarguit.

933 2471 948 2536 5

671 2576 762 2658 Ergo
778 2585 814 2638 tu
831 2595 906 2638 cum
926 2575 1023 2651 isaia,

670 2671 821 2748 Daniele,
839 2671 989 2754 Ieremia,
1077 2675 1080 2680 '

711 2776 745 2831 et
761 2766 932 2849 prophetis
948 2765 1097 2840 caeteris,

670 2861 777 2925 Nobis
794 2861 941 2944 palmam
959 2861 1146 2942 impetretis

669 2967 701 3019 et
717 2959 760 3020 ad
777 2977 926 3040 pugnam
943 2957 1127 3039 deportetis
1202 3003 1204 3007 .

711 3053 837 3116 Arcam
854 3054 922 3115 veri
935 3052 1089 3116 foederis.

461 3401 542 3468 292.
580 3376 655 3448 oa
685 3377 754 3450 ss.
786 3376 978 3450 coslun
1009 3377 1080 3450 ET
1112 3377 1396 3453 anniano.
1487 3329 1522 3416 s

608 3653 618 3696 1
845 3659 847 3664 ⁸
1204 3633 1207 3642 ’
1235 3652 1251 3714 3

346 3777 427 3842 Sion
444 3789 559 3842 sancta
575 3779 760 3862 gratuletur
975 3781 1159 3843 lndiscreta
1177 3780 1249 3842 laus
1265 3780 1438 3842 amborum

344 3884 377 3938 et
393 3885 545 3939 materno
560 3875 720 3957 glorietur
842 3911 844 3916 .
971 3897 1055 3958 quos
1072 3876 1178 3940 univit
1194 3877 1408 3939 animorum·
1469 3905 1477 3922 s

387 3972 443 4054 pia
459 3981 565 4036 mater
582 3972 717 4036 nomine
731 3995 738 4049 ;
1015 3973 1189 4054 carnisque
1205 3973 1384 4053 cognati0;

344 4067 401 4131 Pia
418 4079 524 4132 mater
540 4079 574 4132 et
591 4069 699 4146 beata,
974 4070 1059 4134 Ortu
1076 4068 1174 4132 simul
1192 4089 1259 4132 uno
1275 4069 1344 4132 nati

343 4164 536 4248 triumphali
552 4175 729 4230 venustata
973 4185 1040 4228 uno
1056 4165 1173 4229 fratres
1190 4165 1329 4229 animati

386 4259 527 4325 filiorum
546 4264 717 4344 sanguine.
1016 4271 1184 4326 certarunt
1201 4263 1370 4344 martyrio.

606 4425 623 4470 2
1233 4425 1255 4486 4

344 4545 475 4610 Tantae
492 4547 614 4611 matris.
624 4548 666 4611 ad
684 4549 848 4626 decorem,
973 4549 1059 4612 Arte
1076 4549 1155 4612 clari
1173 4549 1368 4624 medicinae,

343 4639 451 4706 fusum
470 4643 623 4708 Christus
639 4645 684 4708 ob
699 4667 849 4710 cruorem
973 4645 1052 4708 clari
1071 4645 1168 4708 simul
1186 4654 1219 4708 et
1235 4645 1408 4709 doctrinae

388 4738 543 4804 Cosmam
561 4739 662 4803 caelis
679 4743 804 4805 invehit
820 4766 827 4818 ;
1019 4742 1120 4806 verbo
1135 4741 1187 4804 vel
1205 4743 1383 4820 miraculis,

344 4834 540 4900 Venustatis
556 4837 598 4898 ad
615 4847 843 4919 augmentum,
974 4837 1104 4902 Sanant
1117 4838 1275 4914 membra,
1288 4851 1408 4904 sanant
1422 4849 1559 4914 mentes,

347 4934 462 4996 mortis
477 4953 583 5014 aeque
599 4951 657 5014 per
673 4943 877 4999 tormentum
975 4941 1111 5016 stupent
1127 4943 1245 5017 gentes
1260 4943 1294 4997 et
1310 4938 1482 5001 credentes

389 5029 596 5092 Damianum
613 5021 774 5110 provehit.
1022 5031 1165 5094 reddunt
1182 5051 1225 5091 ex
1243 5030 1430 5099 incredulis.
