4116 5784
665 523 808 576 PROSAE
834 523 1039 578 ECCLESIAB
1066 523 1303 578 MORINENSIS
1537 530 1609 600 349

657 789 738 858 242.
773 765 849 839 nu
885 766 1073 840 BEATA
1105 767 1301 843 naara.

662 1004 674 1050 1

397 1145 524 1224 Gaude,
540 1166 625 1225 rosa,
640 1146 730 1210 salus
747 1147 873 1224 mundi,

396 1251 429 1307 te
445 1241 620 1307 laudamus
637 1243 830 1307 laetabundi

440 1347 635 1420 regnantem
653 1339 686 1402 in
703 1341 811 1421 patria
826 1361 833 1418 ;

399 1432 506 1498 Totus
522 1433 612 1498 orbis
627 1434 806 1499 hilarescat

399 1539 433 1594 et
447 1529 579 1594 virtutis
595 1529 835 1595 ardor'crescat

443 1625 477 1688 in
493 1625 542 1689 tui
559 1628 729 1692 memoria.

663 1779 681 1826 2

402 1894 511 1970 Mater
527 1893 602 1972 Dei,
618 1894 676 1958 sax
693 1897 825 1974 amoris,

400 1989 460 2053 lux
475 1990 657 2070 doctrinae,
672 1991 721 2056 sal
737 1991 891 2070 dulcoris,

442 2085 558 2168 Virgo,
574 2106 670 2150 mons
687 2087 843 2166 iustitiae,

400 2179 584 2246 Thalamus
599 2202 635 2246 es
652 2181 846 2261 Salvatoris‚

399 2275 471 2340 sola
486 2276 612 2342 fructus
627 2298 663 2342 es
679 2279 800 2356 odoris,

443 2393 520 2437 caro
536 2393 653 2438 carens
668 2374 764 2438 carie.

664 2529 682 2592 3

406 2642 450 2706 Et
466 2642 546 2725 quid
563 2643 611 2707 ita
626 2643 717 2708 dices
733 2644 898 2725 dignum?

402 2737 590 2821 angelicum
606 2738 724 2802 videns
739 2739 882 2821 signum,

446 2835 517 2898 eius
532 2833 595 2898 sub
611 2834 795 2910 admonitu,

405 2929 519 2995 Credit
534 2929 634 3014 plane
650 2930 824 2995 veritatem

403 3035 437 3091 et
451 3027 805 3112 concepitDeitatem,

447 3122 575 3189 Sancto
590 3121 691 3206 plena
707 3121 844 3206 Spiritu.

664 3275 687 3338 4

408 3389 517 3474 Super
531 3409 648 3454 omnes
665 3399 864 3455 ornamento

451 3486 578 3550 munda
593 3495 642 3550 est
659 3497 692 3550 et
708 3485 864 3566 humilis;

407 3581 463 3646 Ex
478 3590 643 3664 conceptu
661 3581 723 3644 sub
740 3591 913 3646 momento

448 3675 543 3742 alvus
559 3685 666 3741 tumet
683 3676 841 3760 Virginis.

670 3835 686 3903 5

411 3949 449 4014 ln
466 3959 638 4015 senectute
653 3951 793 4033 gravida

452 4045 626 4111 Elisabeth
642 4047 821 4129 quaeritur,

408 4139 518 4206 iulans
533 4142 670 4225 gaudet,
686 4141 751 4206 Dei
768 4144 872 4208 virtus

451 4238 496 4303 ab
511 4247 654 4322 utroque
670 4238 817 4304 solvitur.

669 4384 691 4448 6

411 4511 560 4596 Tempus
575 4522 691 4596 partus
706 4513 787 4578 dum
805 4512 917 4580 finitur

412 4605 585 4672 Bethleem
602 4607 755 4675 Christus
772 4610 918 4674 nascitur

455 4713 623 4787 potestate
640 4705 744 4771 libera
760 4726 768 4786 ;

415 4799 507 4864 Evae
522 4799 621 4884 culpa
636 4811 717 4866 tunc
733 4801 872 4880 deletur,

414 4895 590 4980 prophetia
605 4895 809 4982 adimpletur
823 4921 830 4963 :

460 4989 568 5076 Virgo
584 4989 620 5060 fit
636 5013 808 5078 puerpera.

1289 1008 1308 1074 7

1028 1149 1111 1214 Visa
1127 1150 1232 1229 stella,
1249 1174 1308 1237 per
1323 1155 1488 1219 donorum

1029 1248 1165 1329 species,
1181 1249 1283 1313 claret
1301 1251 1478 1333 Magorum

1071 1341 1153 1407 fides
1169 1348 1354 1411 necessaria
1368 1369 1375 1426 ;

1029 1439 1118 1503 Nam
1135 1461 1312 1524 personam
1330 1445 1464 1526 signant
1482 1465 1593 1523 unam,

1029 1537 1086 1601 sed
1105 1557 1165 1600 nec
1181 1547 1293 1603 tacent
1310 1549 1533 1622 opportunam

1075 1646 1213 1700 naturae
1228 1639 1433 1702 distantiam.

1293 1776 1311 1836 8

1031 1893 1175 1976 Templo
1193 1893 1302 1958 Natus
1318 1905 1559 1978 praesentatur,

1031 1990 1119 2052 senis
1136 1990 1223 2052 ulnis
1239 1989 1415 2070 baiulatur,

1074 2083 1111 2150 fit
1126 2085 1209 2168 legis
1225 2085 1378 2170 impletio
1394 2113 1400 2152 :

1028 2186 1045 2214 “
1059 2181 1157 2246 Nunc
1174 2182 1316 2246 dimittis
1327 2182 1343 2210 ¹'
1360 2195 1439 2247 tunc
1452 2195 1616 2263 cantatur,

1032 2278 1122 2342 orbis
1138 2287 1170 2342 et
1187 2277 1401 2357 illuminatur,

1077 2373 1180 2455 digna
1195 2392 1247 2436 res
1263 2375 1449 2456 praeconio.

1295 2527 1317 2589 9

1035 2641 1141 2723 Virga
1160 2640 1259 2718 Iesse,
1274 2641 1376 2705 decus
1394 2642 1520 2720 mundi,

1034 2737 1155 2801 mentis
1170 2757 1304 2818 pressae
1319 2756 1404 2819 spes,
1421 2735 1577 2819 profundi

1036 2833 1141 2910 limes,
1156 2842 1235 2897 vota
1250 2833 1454 2916 gemebundi

1078 2930 1187 2993 cordis
1203 2929 1291 3006 audi,
1308 2927 1465 2992 Domina.

1036 3025 1137 3091 Solve
1153 3026 1257 3090 moles
1273 3035 1307 3089 et
1323 3046 1449 3091 excusa

1035 3122 1121 3186 sicut
1136 3121 1232 3200 soles,
1248 3141 1290 3185 ne
1306 3121 1448 3186 confusa

1039 3218 1083 3281 sit
1102 3237 1197 3281 mens
1214 3227 1336 3295 nostra,
1352 3218 1411 3282 sed
1427 3217 1566 3284 exclusa

1082 3333 1102 3377 a
1117 3313 1233 3377 mundi
1249 3313 1402 3378 versutia.

1291 3465 1331 3514 10

1040 3577 1129 3644 Fons
1145 3577 1317 3642 hortorum
1339 3579 1517 3662 appellaris

1038 3693 1074 3736 es
1090 3681 1124 3737 et
1139 3672 1237 3737 stella
1252 3675 1343 3738 dicta
1359 3675 1460 3740 maris

1039 3779 1141 3852 atque
1156 3780 1272 3852 portus
1289 3771 1454 3851 salutaris,

1082 3866 1161 3929 luna
1177 3866 1249 3930 sine
1265 3865 1387 3933 nubilo.

1040 3961 1094 4024 Tu
1110 3962 1296 4044 pigmentis
1310 3966 1443 4028 suavior

1039 4058 1235 4140 cunctisque
1251 4058 1334 4121 rosis
1350 4061 1478 4142 gratior

1040 4153 1200 4236 omnique
1216 4152 1290 4218 luce
1305 4153 1424 4219 clarior

1087 4249 1198 4314 Deum
1215 4258 1352 4333 gestans
1366 4254 1505 4336 gremio

1295 4403 1329 4451 11

1172 4517 1222 4581 Te
1237 4516 1413 4584 laudantes

1172 4623 1206 4677 et
1223 4615 1382 4679 mirantes

1087 4707 1245 4790 pulchrae
1262 4711 1344 4776 Sion
1362 4710 1458 4792 filiae,

1176 4804 1333 4870 illustrari

1174 4909 1208 4966 et
1223 4903 1333 4967 ornari

1081 5003 1147 5062 'tua
1161 4996 1312 5083 gaudent
1326 5000 1436 5085 specie
1449 5023 1458 5086 ;
