4102 5792
485 452 558 527 472
639 456 783 508 PROSAE
814 458 1017 510 ECCLESIAE
1049 457 1268 510 &CORNELII
1295 456 1605 509 COMPENDIENSIS

1104 640 1125 701 6

789 758 903 842 Spirat
918 760 1040 823 nardus
1057 760 1100 823 ad
1116 761 1230 844 sponsi
1247 759 1443 836 thalamum,

788 856 863 938 plus
879 855 1008 920 redolet
1023 875 1124 938 quam
1142 855 1219 920 thus
1233 864 1267 919 et
1283 854 1480 920 balsamum.

787 951 845 1016 Ad
861 961 895 1016 te
913 953 1015 1035 Regis
1033 951 1170 1016 inclinat
1186 950 1316 1028 solium,

787 1046 948 1111 accelerat
964 1049 1006 1112 de
1022 1049 1162 1112 summis
1179 1047 1342 1112 nuntium.

1106 1177 1125 1241 7

962 1274 1143 1338 Cervorum
1161 1273 1295 1336 humilis

918 1390 1124 1452 capreaeque
1140 1369 1256 1432 similis

964 1466 1069 1529 Venit
1084 1465 1222 1528 visibilis

920 1562 1014 1623 Deus
1030 1561 1212 1625 invisibilis.

920 1795 999 1858 Non
1016 1795 1106 1858 visus
1122 1794 1165 1858 ab
1181 1794 1318 1858 homine

877 1890 913 1956 fit
930 1900 1064 1955 nostrae
1080 1891 1189 1974 proles
1206 1892 1375 1956 Dominae
1391 1916 1397 1972 ;

922 1989 1058 2070 Moyses
1075 2007 1141 2051 non
1160 1989 1280 2052 meruit

877 2085 989 2148 videre
1004 2103 1104 2166 quem
1121 2083 1203 2147 haec
1219 2087 1344 2168 genuit.

1110 2197 1132 2261 9

748 2285 779 2349 O
797 2305 848 2348 res
865 2285 947 2348 mira
964 2285 995 2346 in
1013 2295 1195 2367 conspectu
1211 2287 1382 2352 omnium:

749 2381 856 2444 maius
870 2382 974 2446 domo
990 2379 1209 2463 prophetatur
1224 2385 1347 2448 ostium
1362 2403 1370 2462 ;

749 2475 861 2540 Unxit
878 2475 971 2540 Deus
986 2475 1061 2538 oleo
1077 2475 1152 2558 plus
1167 2477 1297 2554 Filium,

748 2573 801 2634 hic
817 2571 892 2654 plus
910 2572 1054 2636 Matrem
1071 2593 1172 2654 quam
1190 2573 1232 2636 de
1249 2575 1343 2638 iustis
1359 2575 1471 2640 alium.

1104 2711 1142 2758 lO

749 2799 897 2882 Oquam
915 2809 1042 2882 potens,
1058 2819 1159 2880 quam
1177 2800 1298 2864 decens
1315 2803 1460 2878 castitas,

748 2917 815 2979 qua
830 2917 865 2958 se
882 2897 978 2960 nobis
994 2896 1133 2978 largitur
1150 2896 1267 2961 Deitas
1284 2919 1290 2974 ;

749 2993 929 3057 Unicornis
946 2993 987 3055 ad
1005 3001 1132 3055 tactum
1151 2991 1302 3074 Virginis

747 3090 790 3152 ad
807 3090 949 3153 salutem
968 3089 1168 3150 mansuescit
1185 3087 1339 3151 hominis.

1107 3217 1140 3262 11

749 3315 849 3398 Quod
866 3315 960 3397 virgo
978 3313 1073 3377 luerit
1091 3313 1146 3376 flet
1165 3314 1305 3395 Iephtae
1322 3314 1398 3392 filia,

750 3413 805 3475 flet
821 3430 897 3474 cum
914 3409 1092 3487 sodalibus,
1109 3409 1255 3492 parentis
1271 3411 1380 3474 hostia
1394 3433 1400 3486 ;

750 3507 835 3572 Cum
853 3515 966 3569 nostra
982 3506 1123 3588 Virgine
1139 3505 1264 3587 gaudet
1283 3507 1442 3584 Ecclesia,

748 3622 834 3685 quae
850 3601 960 3664 Deum
978 3603 1093 3682 genuit
1109 3620 1184 3664 cum
1202 3603 1371 3683 pudicitia.

1107 3729 1143 3775 12

836 3815 1014 3897 Scriptoris
1031 3819 1269 3880 atramentario

770 3923 772 3928 ’
836 3923 868 3976 et
885 3913 1012 3976 Mariae
1029 3911 1203 3994 privilegio

835 4009 1003 4072 Firmatur
1019 4018 1132 4072 nostra
1149 4009 1274 4092 religi0,

835 4103 1051 4185 proscribitur
1067 4107 1268 4186 superstitio¹

1107 4234 1142 4296 13

660 4329 743 4407 Tua,
759 4329 874 4412 Virgo,
891 4329 1089 4410 magnitudo
1107 4339 1255 4393 nostram
1272 4331 1361 4395 levat
1377 4333 1577 4414 parvitatem

660 4425 783 4490 Guttas
800 4425 899 4489 maris
916 4435 1090 4489 enumerat
1113 4427 1146 4488 in
1168 4426 1231 4489 hoc
1249 4446 1339 4490 mare
1357 4429 1492 4493 mittens
1508 4441 1622 4497 ratem.

1106 4556 1116 4600 1

789 4647 884 4710 Tuae
901 4643 1025 4720 matris,
1042 4557 1144 4722 Deusss,
1161 4643 1193 4706 in
1210 4643 1354 4709 lamulos

790 4742 952 4806 labiorum
972 4740 1149 4804 reddentes
1165 4743 1286 4806 vitulos

791 4837 929 4904 Pietatis
945 4847 1102 4901 converte
1118 4838 1232 4901 oculos

790 4945 823 5001 et
839 4936 979 5002 devotos
995 4943 1087 4998 tuere
1103 4933 1253 5018 populos.
