4102 5790
613 537 757 593 mosas
784 538 1340 597 neceesrarsaornounonus1s
1533 527 1603 624 187

561 720 747 812 127.,DE
778 719 1003 796 SANCTA
1034 722 1393 800 KATHERINA.

653 921 664 969 1

410 1016 528 1082 Gaude
544 1021 666 1085 chorus
682 1023 745 1087 hac
762 1025 794 1086 in
812 1025 876 1102 die,

407 1115 513 1178 dulcis
530 1119 636 1182 melos
653 1122 875 1204 symphoniae

448 1233 531 1278 voce
547 1214 661 1280 dando
678 1228 802 1284 mutua.

644 1377 662 1424 2

405 1490 489 1557 Voci
507 1495 575 1559 vita
591 1499 827 1575 conformetur,

404 1587 516 1672 sicque
533 1591 604 1656 dies
620 1594 805 1660 celebretur

445 1685 548 1766 digna
566 1687 665 1754 laude
681 1713 829 1778 congrua
845 1715 852 1772 ;

403 1779 464 1843 Per
480 1779 581 1863 quam
599 1786 696 1848 nobis
713 1799 892 1854 renovatur

399 1894 487 1956 quae
503 1880 671 1962 condigne
687 1884 873 1950 celebratur

443 1971 607 2040 festivitas
623 1998 743 2044 annua.

638 2145 656 2209 3

400 2263 508 2332 Adest
524 2269 596 2333 dies
612 2292 679 2354 qua
695 2274 809 2340 diuina

399 2359 470 2424 luce
485 2365 579 2447 virgo
597 2367 793 2446 Katherina,

440 2457 534 2523 Costi
552 2463 638 2544 regis
655 2461 731 2543 filia,

341 2627 344 2638 ἱ
399 2553 589 2624 illustratur
604 2581 679 2624 cum
697 2561 784 2626 stola
801 2565 937 2648 duplici,

397 2660 495 2714 nacta
511 2653 572 2716 sibi
590 2675 700 2736 poena
717 2657 891 2742 multiplici

438 2745 587 2814 Paradisi
603 2753 735 2834 gaudia.

629 2914 652 2976 4

395 3025 489 3093 Haec
506 3031 538 3094 in
556 3035 653 3098 annis
670 3037 851 3103 iuventutis

392 3135 526 3191 sanctae
543 3128 657 3212 iugum
675 3135 843 3213 'servitutis

432 3221 599 3290 indelessa
614 3229 791 3308 sustinens,
822 3313 824 3319 .

391 3314 509 3383 Mundi
526 3325 650 3403 sprevit
666 3325 748 3389 haec
764 3327 906 3409 gloriam

390 3411 495 3478 solam
513 3416 636 3482 Christi
653 3425 878 3503 praesentiam

430 3512 530 3576 corde
546 3533 631 3596 puro
648 3519 805 3584 retinens.

628 3681 643 3749 5

389 3802 486 3872 lubet
502 3806 626 3874 Caesar
642 3811 739 3876 thura
756 3813 837 3892 dari,

388 3897 467 3965 Deis
483 3924 602 3987 greges
618 3907 795 3987 immolari,

428 4019 514 4064 vana
531 4002 595 4065 coli
612 4005 771 4084 numina;

386 4090 500 4160 Audet
516 4099 609 4180 virgo
625 4120 820 4184 repugnare,

385 4208 488 4256 vanos
505 4193 597 4258 Deos
613 4197 855 4280 blasphemare,

426 4287 597 4353 detestans
614 4292 784 4359 libamina.

620 4439 642 4502 6

385 4565 600 4650 Stupesactus
617 4593 677 4636 rex
693 4575 823 4653 decore,

383 4663 540 4746 singulari
558 4688 639 4731 mox
656 4689 770 4733 amore

424 4760 650 4828 inflammatur
667 4767 772 4829 noxio
785 4788 793 4844 ;

384 4852 482 4920 Prece
498 4865 607 4922 tentat
623 4861 811 4941 immutare,

382 4957 620 5019 tormentorum
637 4978 793 5040 superare

422 5069 523 5130 quarn
541 5053 656 5134 nequit
673 5053 826 5120 ludibrio.

1278 925 1297 988 7

1039 1027 1200 1093 Oratores
1216 1030 1437 1108 adducuntur,

1036 1125 1191 1188 advocati
1207 1136 1409 1208 superantur

977 1301 979 1304 Ι
1080 1221 1217 1303 virginis
1234 1220 1400 1288 facundia.

1080 1315 1215 1382 Gaudet
1230 1337 1315 1400 grex
1332 1317 1479 1383 fidelium

1079 1413 1160 1475 dum
1178 1413 1297 1476 transit
1314 1414 1505 1480 incendium

1077 1509 1163 1590 ignis
1180 1529 1258 1572 caro
1274 1511 1394 1576 nescia.

1271 1632 1290 1693 8

1032 1735 1169 1798 Fornax
1186 1734 1273 1818 regis
1291 1733 1538 1801 Chaldaeorum

1031 1851 1148 1896 sanam
1165 1841 1276 1894 servat
1291 1852 1469 1914 puerorum

1072 1929 1176 1992 vitam
1193 1948 1269 1991 cum
1287 1927 1503 2009 corporibus;

1074 2023 1140 2087 Hic
1157 2024 1226 2088 vita
1242 2025 1432 2107 deponitur,

1071 2121 1131 2186 sed
1148 2141 1225 2184 caro
1242 2141 1309 2184 non
1326 2121 1477 2202 tangitur

1072 2217 1181 2299 igneis
1196 2217 1402 2282 stridoribus.

1265 2353 1286 2416 9

1027 2447 1127 2513 Uxor
1143 2449 1230 2530 regis
1247 2448 1382 2514 Christo
1397 2450 1536 2514 credens
1571 2505 1574 2514 .

1026 2555 1059 2608 et
1075 2555 1218 2618 tortores
1234 2547 1447 2624 antecedens,

1068 2661 1143 2705 cum
1162 2643 1247 2706 duce
1265 2642 1453 2724 Porphiri0‚

1027 2737 1107 2801 Post
1121 2747 1291 2802 tormenta
1306 2737 1501 2813 decollatur,

1024 2855 1125 2918 quam
1142 2855 1209 2900 non
1227 2855 1335 2918 pauca
1351 2837 1532 2900 comitatur

1068 2933 1258 2996 militonum
1275 2933 1401 2997 concio.

1252 3071 1291 3117 10

1129 3175 1219 3239 Hinc
1236 3195 1420 3258 poenarum

1125 3273 1329 3335 diversarum

1018 3369 1165 3432 cruciatu
1183 3389 1248 3431 non
1267 3367 1418 3444 vincitur,

1018 3466 1076 3529 sed
1094 3467 1229 3547 insuper
1245 3463 1390 3527 afficitur

964 3572 968 3580 '
1061 3562 1213 3624 inaudito
1229 3561 1388 3638 verbere;
1485 3613 1486 3618 ,

1126 3659 1207 3720 Nox
1225 3657 1368 3739 fugatur,

1124 3753 1309 3817 illustratur

1124 3849 1198 3912 luce
1214 3848 1312 3926 clara,

1122 3944 1216 4027 virgo
1233 3955 1351 4010 sancta

1015 4039 1202 4105 Katherina
1218 4041 1399 4104 retruditur

1057 4139 1090 4200 in
1108 4137 1276 4201 horrendo
1291 4157 1431 4202 carcere.

1244 4275 1278 4322 11

1013 4380 1103 4443 Rota
1120 4389 1213 4443 rotae
1229 4389 1415 4463 coaptatur,

1013 4484 1086 4540 tota
1103 4473 1189 4538 ierro
1205 4477 1424 4557 constipatur,

1012 4572 1191 4636 lacerando
1208 4572 1401 4636 sublevatur

1055 4678 1182 4751 martyr
1199 4669 1231 4731 in
1249 4669 1414 4752 equule0;

1011 4763 1117 4848 Quae,
1133 4764 1214 4828 dum
1233 4767 1316 4828 mori
1333 4765 1380 4826 sic
1396 4771 1541 4848 putatur,

1010 4860 1116 4924 moles
1132 4861 1251 4942 ingens
1267 4860 1459 4942 dissipatur,

1009 4957 1105 5040 plebs
1122 4957 1286 5020 immensa
1304 4956 1404 5020 morti
1420 4955 1529 5033 datur,

1050 5055 1118 5118 ictu
1135 5061 1240 5118 strata
1257 5052 1423 5117 flammeo.
