4102 5792
488 551 558 621 432
668 545 812 596 PROSAE
838 540 1042 594 ECCLESIAE
1070 540 1098 589 S.
1120 537 1307 587 STEPHANI
1337 531 1583 584 DIVIONENSIS

588 801 669 873 303.
704 773 778 848 DE
812 773 881 846 SS.
906 765 1160 844 FABIANO
1192 765 1263 838 ET
1292 759 1663 838 SEBASTIANO.

801 1020 812 1064 1

581 1127 703 1191 Nobile
721 1123 937 1207 praeconium

581 1223 690 1306 pulset
708 1241 804 1284 aures
821 1217 972 1282 omnium

580 1317 701 1382 celebri
720 1315 881 1379 memoria
896 1335 903 1390 ;

799 1435 817 1480 2

583 1527 688 1590 Laeta
707 1524 963 1590 Saebastianum

582 1627 687 1688 civem
707 1620 937 1684 Mediolanum

582 1727 738 1803 personet
755 1715 900 1778 melodia
916 1737 922 1791 ;

583 1815 683 1880 Claro
699 1822 798 1875 natus
813 1809 973 1892 germine,

582 1912 640 1976 sed
658 1908 734 1972 fidei
752 1906 878 1970 semine

580 2006 700 2070 clarior
716 2013 749 2066 et
766 2001 883 2085 gratia,

581 2211 699 2277 Militis
715 2122 898 2274 hono3ribus

580 2308 692 2373 rutilat
709 2315 742 2370 et
758 2303 906 2368 moribus

584 2403 686 2468 sacris
701 2401 744 2464 ab
761 2397 901 2461 infantia
919 2419 926 2473 ;

584 2499 656 2564 Sub
673 2506 803 2561 terrena
818 2491 997 2573 chlamyde

586 2601 715 2657 mentes
730 2610 817 2673 quae
833 2597 910 2650 sunt
928 2584 1070 2669 pavidae

586 2689 720 2754 roborat
736 2683 933 2748 constantia.

589 2894 787 2963 Sanctitatis
803 2890 897 2954 radio

587 2991 680 3056 fulsit
696 2989 749 3052 hic
766 2989 798 3050 in
817 2985 927 3050 stadio

587 3084 741 3154 Caesaris
757 3084 790 3145 in
810 3081 903 3144 curia

586 3181 724 3247 militiae
740 3177 846 3262 gloria
861 3198 868 3255 ;

588 3280 655 3345 Sed
672 3275 766 3340 Tuus
782 3281 862 3350 erat,
879 3269 1021 3344 Christe,

588 3373 683 3438 miles
699 3371 732 3434 in
749 3367 850 3434 armis
867 3367 938 3442 iste,

589 3471 697 3536 ferens
713 3463 906 3531 testimonia

591 3563 767 3650 probitatis
783 3559 905 3623 omnia.

678 3771 740 3834 Per
756 3677 844 3830 huric
861 3761 945 3825 fulta

677 3865 742 3931 fide
759 3863 865 3927 multa

679 3963 748 4026 Zoe
764 3958 869 4022 credit

680 4067 714 4121 et
729 4056 806 4120 huic
823 4052 907 4115 redit

595 4153 702 4219 dulcis
718 4146 911 4232 eloquentia
925 4165 932 4222 ;

684 4245 783 4312 Salus
800 4253 901 4326 patet,

685 4340 821 4406 morbus
837 4339 929 4413 latet,

685 4437 767 4503 fides
783 4433 900 4498 crescit

684 4541 718 4597 et
732 4527 895 4597 decrescit

597 4629 731 4716 gentilis
747 4623 894 4710 perfidia.

1427 994 1448 1053 6

1168 1115 1264 1178 Tunc
1282 1113 1427 1176 nudatur
1445 1109 1539 1174 miles
1555 1107 1649 1172 sortis

1169 1230 1269 1293 quem
1287 1209 1429 1272 ministri
1446 1206 1583 1270 trahunt
1601 1203 1717 1266 mortis

1212 1305 1253 1368 ad
1270 1305 1344 1368 dira
1360 1302 1524 1385 supplicia
1539 1322 1546 1378 ;

1169 1401 1267 1464 Illum
1285 1401 1377 1464 iubet
1394 1396 1557 1482 sagittari,

1169 1497 1244 1560 telis
1260 1516 1381 1578 corpus
1397 1494 1515 1577 agitari

1213 1592 1346 1674 tyranni
1364 1589 1541 1654 dementia.

1433 1735 1451 1798 7

1171 1841 1325 1904 Tandem
1344 1849 1432 1902 recte
1448 1837 1633 1919 colligatus,

1173 1937 1279 2000 multa
1296 1935 1398 1998 caede
1414 1933 1584 2015 fatigatus

1167 2032 1282 2096 crebro
1299 2049 1433 2112 quoque
1450 2029 1628 2110 fustigatus

1211 2135 1425 2190 consecratur
1440 2124 1551 2186 hostia
1564 2145 1571 2200 ;

1173 2223 1254 2287 Vim
1270 2223 1330 2285 dat
1351 2221 1444 2282 Deus
1464 2219 1539 2281 huic
1561 2219 1731 2300 ingentem
1751 2243 1758 2283 :

1172 2328 1283 2400 pestes
1301 2317 1404 2399 fugat,
1420 2325 1529 2379 servat
1545 2323 1691 2396 gentem,

1172 2433 1292 2496 corpus
1309 2413 1459 2489 mundat,
1476 2420 1577 2494 atque
1593 2417 1741 2474 mentem

1217 2506 1320 2570 reficit
1338 2507 1472 2570 laetitia.

1435 2633 1454 2694 8

1305 2751 1367 2814 Vir
1383 2751 1514 2814 virtutis

1305 2847 1348 2912 da
1365 2846 1480 2910 salutis

1306 2944 1368 3007 iter
1383 2952 1494 3007 tutum

1306 3059 1364 3122 per
1379 3039 1540 3104 virtutum

1304 3137 1350 3200 ire
1366 3155 1509 3218 gressus,

1305 3232 1349 3296 da
1365 3250 1533 3314 regressus

1216 3329 1258 3392 ad
1276 3328 1359 3392 caeli
1376 3327 1510 3410 palatia,

1309 3423 1359 3488 Ut
1374 3424 1417 3487 ad
1435 3421 1604 3488 Christum

1307 3530 1440 3583 coetum
1458 3518 1558 3582 istum

1307 3614 1396 3676 vitae
1411 3611 1539 3676 fontem

1308 3729 1367 3791 per
1382 3707 1433 3771 Te
1450 3715 1598 3790 pontem,

1310 3804 1383 3867 susa
1399 3823 1506 3886 prece,

1310 3908 1398 3962 tersa
1414 3898 1516 3976 faece,

1224 3995 1348 4061 Christi
1365 3994 1454 4058 leves
1470 3997 1587 4077 gratia.

1442 4142 1464 4206 9

1229 4255 1306 4318 Hoc
1321 4253 1379 4317 det
1396 4251 1571 4335 Sapientia

1228 4349 1324 4432 Quae
1340 4348 1505 4431 gubernat
1521 4349 1618 4412 entia.

1438 4502 1478 4550 10

1229 4617 1342 4679 Arnen
1359 4615 1475 4678 dicant
1490 4615 1612 4680 omnia.

549 4807 743 4864 Manuscrtt.
765 4801 881 4853 Parus:
905 4795 977 4850 Bibl.
1006 4795 1082 4862 Nat,
1104 4795 1165 4860 879,
1187 4790 1288 4846 Missel
1312 4789 1349 4844 de
1371 4787 1476 4858 l’eglise
1495 4771 1715 4843 saint-Etieune
1737 4788 1776 4846 de

515 4888 612 4958 Dijon,
625 4887 673 4938 xv'
681 4880 776 4948 siecle,
786 4877 816 4934 S.

552 5031 568 5085 8
581 5033 603 5084 d
634 5009 767 5080 virtutem
777 5021 818 5088 S,
830 5016 970 5074 contraire
980 5015 998 5070 t
1007 5015 1035 5070 la
1047 5015 1137 5090 rime,
