4116 5784
502 510 574 600 336

802 525 946 576 PROSAE
980 525 1184 577 ECCLESIAE
1217 527 1457 580 MORlNENSlS

766 703 848 774 228.
884 699 959 772 DE
999 699 1223 776 SANCTO
1263 701 1510 776 MAXIMO.
1599 734 1601 740 ¹

813 889 826 935 1

549 993 684 1070 Plaude,
700 991 782 1056 lelix
799 1001 831 1054 et
850 992 974 1074 inclyta

547 1093 655 1173 Virgo
672 1089 784 1153 Mater
801 1089 961 1168 Ecclesia,

548 1187 682 1254 Christo
699 1205 824 1267 sponso
839 1184 1032 1249 dulcissona

548 1283 685 1348 laudum
702 1284 904 1366 depromens
920 1284 1068 1347 carmina
1084 1304 1092 1362 ;

810 1411 828 1456 2

549 1505 616 1589 Qui
634 1515 818 1590 martyrum
836 1526 1002 1590 purpurea

548 1613 582 1665 te
598 1611 736 1666 coronat
751 1601 899 1678 victoria,

548 1699 593 1762 Et
611 1697 754 1761 illustrat
770 1699 946 1780 perspicua

545 1791 774 1858 confessorum
791 1813 850 1875 per
867 1791 1002 1858 lumina.

810 1922 827 1985 3

549 2018 641 2080 Inter
657 2037 742 2099 quos
758 2017 850 2082 fulsit
866 2017 989 2082 caelica

548 2113 679 2197 praesul
697 2113 870 2176 Maximus
890 2113 1006 2196 gratia,

548 2211 650 2274 Festa
665 2210 759 2273 cuius
776 2209 919 2292 insignia

549 2305 667 2370 solaris
684 2305 793 2370 reddit
809 2305 927 2370 orbita.

553 2529 619 2593 Hic
635 2539 728 2593 ortus
745 2537 782 2591 ut
798 2527 857 2591 lux
872 2547 973 2592 aurea

551 2625 667 2688 mundi
684 2624 887 2706 contempsit
903 2623 1030 2701 florida,

549 2719 716 2800 Adprime
732 2717 966 2802 philosophica

548 2814 661 2878 hausit
677 2813 803 2878 fluenta
820 2813 939 2879 trifida.

815 2942 831 3008 5

551 3041 639 3118 Post,
656 3039 772 3103 mundi
789 3039 942 3122 linquens
958 3039 1082 3118 omnia,

550 3137 621 3201 iura
637 3135 726 3199 subit
742 3135 938 3212 monastica,

552 3233 607 3299 Ob
623 3233 712 3296 vitae
728 3231 791 3294 sibi
808 3231 926 3294 merita

551 3328 712 3412 praesulis
727 3327 827 3392 datur
843 3325 955 3392 infula

813 3453 834 3500 o

550 3552 582 3618 O
601 3550 733 3617 Summi
751 3549 854 3632 Regis
870 3551 988 3632 gratia,

551 3648 582 3712 O
599 3647 706 3710 sancti
724 3645 784 3709 viri
800 3645 928 3728 glorial

553 3745 756 3808 Redduntur
770 3741 876 3805 caecis
893 3741 1029 3819 lumina,

553 3840 699 3924 aegrotis
715 3849 749 3904 et
766 3841 934 3919 remedia;

812 3967 835 4032 7

554 4067 611 4131 Ad
629 4066 700 4130 eius
715 4085 847 4148 precem
864 4073 998 4129 mortua

553 4165 657 4228 vitam
674 4169 846 4226 resumunt
861 4179 1009 4243 corpora,

553 4260 642 4324 Nam
660 4278 719 4322 sua
735 4257 842 4321 libens
859 4256 974 4320 munia

552 4362 706 4438 acceptat
722 4352 847 4419 Christi
863 4352 980 4435 gratia.

815 4467 834 4528 8

555 4579 632 4648 Stat
648 4577 743 4644 miles
758 4579 801 4643 ad
818 4577 1010 4655 certamina,

555 4676 664 4743 zabuli
681 4675 805 4757 frangit
821 4673 959 4758 spicula,

556 4776 597 4839 In
613 4773 706 4838 cuius
723 4781 835 4835 mente
851 4769 983 4853 placida

555 4871 716 4936 virtutum
733 4867 876 4951 flagrant
891 4865 1049 4930 balsama

548 5046 560 5088 1
575 5035 597 5088 d
625 5029 773 5102 'depromis
785 5027 929 5084 Mon'rren.

1438 892 1460 957 9

1179 994 1286 1078 Signo
1302 995 1409 1058 crucis
1426 994 1579 1058 navicula

1179 1091 1343 1174 disparuit
1359 1090 1537 1155 fantastica
1553 1111 1560 1168 ;

1181 1187 1247 1252 Sed
1264 1189 1338 1270 quis
1355 1187 1426 1252 eius
1443 1185 1622 1270 magnilica

1179 1293 1300 1348 cuncta
1316 1283 1405 1347 dicat
1423 1283 1605 1347 miracula?

1432 1431 1471 1478 10

1181 1535 1236 1599 Ad
1254 1535 1339 1599 tanti
1356 1535 1460 1617 patris
1477 1535 1588 1598 studia

1181 1630 1323 1714 pullulat
1339 1629 1434 1712 plebs
1451 1629 1646 1706 monastica,

1182 1727 1225 1790 Et
1241 1727 1305 1789 sub
1321 1725 1444 1790 Christi
1462 1723 1582 1790 militia

1178 1831 1286 1886 castra
1303 1821 1423 1885 florent
1439 1821 1592 1904 insignia,

1435 1967 1468 2014 11

1183 2070 1232 2135 Ut
1250 2069 1353 2134 Iacob
1369 2069 1594 2148 tabernacula,

1181 2175 1214 2230 et
1232 2165 1336 2230 Israel
1352 2166 1507 2243 tentoria,

1180 2262 1229 2328 Ut
1245 2263 1420 2326 cedrorum
1437 2259 1611 2344 plantaria,

1182 2357 1307 2422 fluenta
1322 2377 1428 2441 prope
1444 2357 1592 2440 limpida.

1435 2503 1472 2550 12

1182 2610 1262 2674 Post
1278 2608 1450 2691 signorum
1469 2607 1636 2692 magnalia

1181 2714 1214 2770 et
1230 2706 1391 2769 virtutum
1408 2705 1561 2787 insignia,

1183 2799 1301 2866 Carnis
1317 2802 1490 2883 deponens
1506 2819 1609 2862 onera

1182 2908 1317 2962 sanctus
1334 2895 1529 2960 conscendit
1545 2893 1690 2960 aethera.

1437 3041 1474 3105 13

1183 3145 1251 3210 Ubi
1267 3146 1393 3228 gaudet
1410 3143 1548 3209 mirifica

1182 3242 1350 3308 Creatoris
1366 3241 1565 3324 praesentia,

1184 3339 1224 3402 In
1240 3337 1435 3420 angelorum
1452 3337 1543 3401 curia

1181 3455 1240 3518 per
1255 3433 1340 3498 festa
1356 3432 1567 3496 immortalia.

1438 3580 1477 3642 Ι4

1182 3685 1286 3762 Audi,
1301 3692 1405 3767 pater,
1421 3681 1610 3746 humillima

1185 3781 1328 3845 liliorum
1344 3778 1523 3862 praeconia
1536 3797 1543 3855 ;

1187 3879 1261 3942 Tua
1277 3875 1384 3940 dulcis
1401 3874 1555 3938 custodia

1184 3973 1279 4038 nobis
1296 3971 1383 4035 adsit
1400 3991 1458 4053 per
1474 3970 1597 4034 omnia.

1439 4114 1474 4179 Ῑ5

1111 4287 1112 4290 ,
1185 4223 1262 4301 Fac,
1280 4231 1316 4286 ut
1332 4239 1489 4304 praesens
1504 4217 1640 4296 familia,

1184 4321 1270 4385 inter
1286 4327 1478 4382 sanctorum
1497 4314 1609 4394 millia,

1184 4414 1262 4498 Qua
1278 4413 1395 4478 frueris
1411 4419 1574 4496 perpetua

1184 4511 1345 4596 tripudiet
1361 4511 1394 4573 in
1411 4508 1526 4592 gloria

1442 4647 1481 4712 16

1188 4767 1234 4834 Et
1249 4767 1383 4832 caelesti
1401 4765 1602 4851 symphonia

1187 4865 1298 4929 Deum
1316 4863 1429 4927 laudet
1446 4883 1505 4948 per
1521 4861 1664 4928 saecula.
