4108 5794
468 509 538 580 268
750 525 891 577 nnosaa
920 525 1122 578 scorastan
1149 527 1444 578 strenuissumus

508 813 537 874 Α
542 821 574 874 st
589 811 718 874 Herode
733 723 895 874 sadureute

507 906 631 970 dulcem
647 908 777 970 Natum
793 915 829 968 tu
847 919 977 989 repente,

563 1004 593 1067 V
591 1004 662 1084 irga
677 1001 794 1065 Mater
808 1013 929 1082 tenera,

509 1099 549 1162 In
566 1099 750 1180 Aegyptum
759 1098 932 1181 pertulisti

503 1205 564 1277 per
577 1195 747 1274 desertum,
762 1205 794 1258 et
809 1197 948 1260 nutristi

552 1293 612 1373 qui
624 1291 748 1354 creauit
761 1291 901 1356 aethera.

771 1423 793 1482 4

509 1507 591 1570 Iride
605 1509 764 1590 quaesisti
779 1509 902 1572 Filr'ruu

501 1603 673 1688 florentem
688 1605 772 1667 sicut
786 1605 895 1667 lilium

552 1701 716 1764 doctarum
734 1701 767 1764 iu
786 1703 897 1780 uiedia,

510 1797 609 1860 Anua
625 1797 655 1858 E
659 1798 710 1860 ius
725 1799 867 1860 duodena

501 1893 636 1974 plenum
652 1895 801 1974 dagyuate
814 1915 923 1957 serena

553 1990 621 2053 iam
638 1991 797 2053 amissum
814 1992 933 2054 triduo.

774 2121 788 2185 5

512 2208 658 2290 Captum,
673 2229 808 2284 caesum,
824 2219 1019 2286 carartaturu,

510 2306 609 2367 marti
622 2305 724 2366 sciens
740 2305 921 2368 iudicatum

554 2401 644 2462 uides
661 2400 695 2461 in
710 2402 884 2482 augustiis,

510 2497 615 2578 Ligna
630 2497 733 2558 crucis
747 2507 917 2559 oneratum

511 2598 555 2660 Se
569 2596 648 2658 druu
660 2597 824 2677 graditur
836 2597 978 2660 ablatum

545 2704 607 2773 pra
623 2692 744 2754 ilustris
750 2691 907 2774 flagitiis.

508 2910 599 2973 Ades
613 2911 702 2973 cruci
716 2911 905 2974 redimentis

510 3007 583 3070 lesu
591 3007 715 3091 flentis,
732 3007 908 3086 morientis,

552 3105 713 3187 transfixa
729 3125 826 3169 carue
841 3125 923 3185 pura
940 3126 946 3182 ;

511 3197 653 3262 Dolores
670 3222 753 3282 quos
770 3201 956 3282 parturiens

509 3297 653 3374 evasisti,
670 3299 734 3361 iam
754 3299 922 3362 sustinens

553 3403 705 3457 extortos
722 3415 797 3457 cum
815 3413 922 3459 usura.

772 3522 790 3585 7

512 3611 607 3674 Hora
623 3613 760 3675 tandem
778 3612 976 3694 vespertina,

513 3708 627 3770 mundi
646 3710 735 3771 clara
753 3709 919 3771 medicina

556 3806 620 3868 iam
639 3807 808 3868 exstincta
825 3805 973 3869 redditur

1140 705 1217 769 Tibi
1235 705 1336 769 Matri
1352 706 1580 788 deplangenti,

1138 823 1259 886 corpus
1276 803 1402 867 fossum
1420 805 1573 882 intuenti,

1183 900 1264 962 dum
1283 899 1314 961 in
1333 900 1406 961 sinu
1424 898 1575 964 volvitur.

1402 1022 1420 1082 8

1144 1133 1181 1195 ln
1199 1133 1377 1214 sepulchro
1393 1133 1585 1210 collocatur,

1142 1247 1161 1290 a
1179 1228 1340 1292 militibus
1357 1238 1515 1302 servatur,

1142 1345 1198 1386 cor
1215 1335 1402 1388 maternum
1419 1325 1577 1388 anxiatur

1185 1443 1260 1486 cum
1279 1423 1368 1488 illinc
1384 1426 1550 1508 abigeris;

1143 1517 1283 1600 Suscipe
1300 1541 1360 1584 nos
1377 1522 1642 1596 commendatos,

1140 1623 1173 1676 et
1189 1633 1208 1676 a
1225 1614 1331 1697 culpis
1348 1618 1544 1680 emendatos

1142 1709 1230 1772 dulci
1249 1710 1335 1773 Filio
1352 1711 1403 1774 sac
1419 1722 1534 1795 gratos

1186 1815 1219 1868 et
1236 1806 1403 1889 coniunge
1418 1810 1555 1892 superis,

1143 2037 1231 2099 Ecce
1247 2037 1354 2120 Virgo
1369 1945 1526 2102 ddlorosa

1140 2131 1228 2195 iacta
1247 2133 1356 2196 Mater
1372 2153 1535 2212 amorosa,

1140 2237 1233 2290 stans
1250 2230 1312 2292 sub
1328 2251 1424 2292 cruce
1442 2229 1637 2312 lacrymosa,

1184 2325 1262 2387 vicit
1279 2345 1339 2387 vae
1356 2335 1502 2389 tartarea
1518 2348 1525 2403 ;

1141 2420 1264 2486 Christi
1282 2422 1390 2502 plagis
1407 2423 1591 2498 vulnerata,

1142 2517 1224 2579 Eius
1241 2527 1348 2580 morte
1363 2519 1570 2596 contristata,

1142 2623 1248 2676 mater
1266 2627 1378 2676 nostra
1396 2613 1525 2678 illibata

1187 2708 1300 2772 hostes
1317 2719 1449 2773 nostros
1467 2730 1595 2792 supera.

1395 2849 1432 2896 10

1144 2943 1175 3008 O
1193 2943 1310 3019 Maria,
1327 2953 1433 3006 mater
1449 2943 1583 3020 Christi,

1142 3040 1224 3102 Eius
1242 3049 1348 3101 morte
1365 3060 1464 3122 quem
1483 3038 1611 3116 flevisti,

1140 3136 1253 3200 conser
1269 3138 1372 3200 vitam
1391 3137 1479 3219 plebi
1499 3137 1593 3214 tristi,

1141 3241 1186 3309 ut,
1202 3241 1279 3314 post
1295 3242 1448 3308 mortem,
1464 3251 1563 3314 quem
1581 3232 1688 3296 vicisti

1185 3327 1326 3390 laetetur
1343 3327 1470 3390 felicius
1487 3349 1494 3404 ;

1142 3423 1251 3499 Salve,
1269 3423 1342 3498 Fili,
1360 3423 1481 3499 Mater,
1497 3443 1568 3500 ave,

1142 3519 1216 3582 Iesu
1234 3518 1331 3594 bone,
1347 3517 1444 3580 nobis
1461 3517 1544 3594 save,

1138 3624 1239 3696 atque
1256 3614 1393 3676 verbum
1411 3615 1465 3676 dic
1482 3635 1593 3690 suave,

1141 3721 1175 3773 et
1191 3710 1234 3772 ab
1250 3710 1347 3772 hoste
1365 3711 1480 3772 mortis
1498 3731 1620 3792 pravae

1185 3807 1310 3868 redime
1327 3807 1498 3887 propitius.

503 4045 695 4097 Manuscrit.
720 4043 792 4097 Bibl.
809 4043 844 4097 de
860 4044 898 4096 M.
913 4043 1003 4097 l’abbt
1016 4043 1124 4110 Misset,
1141 4041 1239 4096 Missel
1254 4041 1290 4096 de
1305 4041 1421 4108 Passau,
1442 4040 1480 4093 fin
1498 4039 1648 4108 xv‘siecle,
1658 4039 1728 4094 ΜΖ.

504 4184 629 4242 Monet„
653 4159 752 4252 ri⁰149,
775 4202 792 4238 a
812 4185 887 4240 edite
909 4187 950 4240 les
977 4185 1041 4255 cinq
1068 4185 1221 4255 premieres
1242 4184 1373 4252 strophes
1392 4183 1428 4237 de
1442 4191 1514 4236 cette
1534 4183 1620 4236 Prose
1633 4193 1661 4236 et
1672 4197 1727 4235 une

467 4263 557 4333 partie
570 4264 606 4318 de
617 4264 776 4333 lasixieme,
791 4265 901 4336 d'apres
915 4267 940 4320 le
956 4267 1113 4320 Manuscrit
1129 4265 1179 4333 546
1192 4265 1227 4318 de
1240 4263 1406 4318 Saint·Gall.
1438 4263 1512 4315 Mais
1526 4279 1577 4316 son
1591 4273 1666 4316 texte
1685 4271 1728 4315 est

468 4344 524 4398 tres
538 4343 700 4414 incomplet.
731 4345 805 4400 C'est
814 4345 952 4416 pourquoi
966 4363 1037 4400 nous
1051 4345 1183 4415 publions
1196 4353 1270 4398 cette
1283 4343 1362 4413 piece
1376 4359 1411 4396 en
1425 4341 1520 4396 entier.

506 4503 515 4540 1
533 4492 547 4540 t
577 4487 605 4540 in
619 4487 692 4541 valle
705 4485 836 4540 miseriae
854 4487 1045 4540 Tarrutasr‘eu.

503 4583 518 4620 2
533 4573 554 4621 b
585 4566 671 4620 divini
694 4567 720 4618 T
717 4567 884 4620 arentasr'eu.

504 4652 553 4715 3d
585 4645 725 4716 protulisti
740 4647 869 4700 Μοκει.
900 4651 914 4698 f
942 4647 1077 4700 aetherea
1096 4647 1287 4700 Tarentasr'eu.

502 4743 552 4792 aa
583 4725 746 4796 quaesivisti
770 4726 960 4780 Tareutasr'en.
975 4727 1106 4793 Mouet,
1119 4726 1169 4780 fait
1183 4743 1218 4779 un
1233 4743 1296 4779 vers
1310 4727 1382 4780 saux.
1412 4729 1433 4779 b
1461 4725 1655 4778 florescentem
1679 4723 1731 4774 Ta-

467 4809 617 4860 reutasien.
632 4807 762 4874 uicinae,
773 4806 879 4860 second
894 4823 955 4860 vers
970 4807 1042 4860 faux.
1077 4809 1128 4860 Les
1147 4805 1216 4859 trois
1236 4806 1365 4860 derniers
1386 4821 1450 4860 vers
1470 4804 1506 4859 de
1527 4813 1601 4858 cette
1615 4803 1731 4872 strophe

457 4897 623 4956 mnnquent
638 4887 709 4940 dans
725 4887 793 4940 ΜΖ.

505 4973 553 5035 5b
585 4967 829 5021 morteCalauieu.
855 4967 985 5020 arnna.
1014 4985 1031 5022 o
1059 4965 1159 5022 ridens
1182 4967 1250 5020 ΜΖ.
1284 4984 1301 5021 e
1330 4967 1381 5021 sed
1402 4965 1469 5020 dum
1497 4964 1564 5018 ΜΖ.
1590 4963 1730 5018 Calauien.

465 5046 588 5117 graviter
603 5047 745 5104 Calauieu.
