4096 5794
442 495 511 568 552
701 491 843 543 tuosne
872 487 1077 540 sccnusrna
1103 483 1433 536 constantianus

749 728 833 800 393.
867 703 942 778 DE
975 701 1163 776 BEATA
1194 699 1392 818 ΜΑΗΙΑ.Ι

751 941 763 987 1
1380 936 1397 998 3

485 1058 674 1142 Diligenter
689 1056 854 1121 recolatur
1116 1054 1210 1117 Haec
1227 1061 1278 1116 est
1293 1052 1429 1136 quidem
1448 1052 1526 1116 urbs
1543 1052 1672 1114 munita

530 1153 658 1218 Mariae
675 1153 845 1229 memoria,
1161 1149 1267 1213 multa
1284 1149 1505 1232 providentia,

487 1252 548 1315 Per
563 1271 665 1336 quam
683 1251 810 1314 mundo
826 1249 1014 1313 declaratur
1116 1247 1227 1330 Quam
1246 1247 1388 1310 munivit
1405 1245 1535 1310 infinita
1601 1323 1604 1328 1

529 1348 618 1413 salus
634 1357 668 1412 et
684 1347 821 1412 laetitia.
1159 1344 1342 1426 gratiarum
1359 1343 1465 1426 copia.

750 1513 768 1559 2
1378 1510 1400 1572 4

488 1641 583 1706 Haec
595 1651 646 1706 est
658 1642 779 1706 domus
796 1657 897 1723 quam
916 1635 1068 1700 fundavit
1117 1635 1211 1698 Haec
1228 1643 1279 1698 est
1297 1633 1409 1716 magni
1428 1631 1621 1698 Salomonis

530 1757 663 1802 summa
678 1736 864 1820 diligentia,
1159 1739 1193 1794 et
1210 1737 1316 1794 mater
1332 1738 1365 1793 et
1382 1727 1458 1804 filia,

490 1834 533 1898 Et
550 1835 582 1897 in
600 1854 639 1916 ea
655 1833 845 1916 repausavit
1120 1831 1214 1895 Haec
1232 1831 1389 1894 contrivit
1408 1829 1589 1894 Pharaonis

532 1929 595 1993 Dei
613 1929 794 2013 Sapientia.
1159 1935 1311 2011 caputet
1327 1927 1474 2009 imperia.

1066 2046 1081 2112 5

836 2169 928 2252 Ergo
943 2169 1033 2233 dicat
1050 2167 1280 2233 Christianus:

878 2269 896 2298 ‘⁶
913 2257 997 2342 Ave,
1013 2263 1112 2346 plena
1128 2263 1245 2347 gratia,
1261 2263 1277 2290 ''

835 2357 975 2444 Nosque
990 2369 1084 2444 regat
1101 2380 1161 2424 sua
1178 2379 1296 2424 manus

879 2479 938 2541 per
953 2458 1069 2521 mundi
1087 2455 1269 2540 naufragia.

480 2637 675 2687 Manuscrlt.
697 2633 867 2686 LoNotttts:
890 2633 963 2684 Mus.
979 2630 1056 2698 Brit,
1071 2629 1144 2685 Add.
1158 2630 1227 2698 2665
1232 2641 1255 2699 5,
1268 2629 1367 2685 Missel
1378 2613 1529 2697 d’Evreux,
1538 2625 1701 2694 xiii‘siecle,

444 2703 524 2774 pidce
536 2703 648 2775 ajoutee
660 2719 697 2756 au
711 2703 777 2771 xiv0,
792 2702 851 2757 LG.

481 2832 529 2889 sa
560 2817 672 2888 “Virgo
682 2818 695 2846 ’¹
708 2817 785 2873 dicat
798 2817 861 2875 LG.

481 2953 520 3007 Le
533 2959 608 3007 texte
620 2960 663 3006 est
677 2951 822 3024 identique
834 2953 907 3008 dans
921 2953 1050 3007 Bathcen.

522 3277 523 3280 ’
563 3275 645 3344 394.
679 3251 752 3326 DE
783 3251 853 3327 SS.
875 3251 1161 3328 GERVASIO
1192 3254 1265 3330 ET
1297 3255 1590 3330 PROTASIO.

753 3533 765 3579 ¹
871 3555 875 3562 '
1379 3536 1397 3599 3

488 3662 543 3727 Ad
560 3662 722 3728 honorem
740 3664 861 3742 Tuum,
877 3665 1019 3743 Christe,
1118 3666 1288 3730 Protasius
1304 3675 1355 3730 est
1371 3675 1519 3744 vocatus,

421 3759 427 3770 '
485 3759 608 3843 psallat
623 3760 701 3825 Tibi
718 3762 838 3828 chorus
855 3765 918 3829 iste
1115 3763 1295 3828 Gervasius
1310 3772 1388 3846 post
1404 3764 1493 3827 hunc
1510 3771 1618 3840 natus,

530 3866 715 3940 martyrum
732 3861 910 3944 praeconia
925 3881 932 3939 ;
1160 3881 1260 3943 quern
1278 3859 1422 3943 praefert
1439 3859 1635 3940 martyrium
1650 3879 1659 3936 ;

487 3955 566 4020 Duo
583 3954 699 4020 fratres
713 3957 748 4021 hi
765 3957 898 4022 luerunt
914 3980 922 4036 ;
1113 3957 1229 4022 Sancti
1247 3957 1346 4021 simul
1363 3958 1398 4020 hi
1416 3959 1541 4034 nutriti,

486 4051 518 4115 in
535 4073 580 4130 se,
596 4073 657 4135 pro
673 4054 723 4117 Te
739 4047 947 4136 pertulerunt
1114 4054 1146 4118 in
1164 4053 1230 4118 fide
1246 4064 1324 4118 sunt
1341 4055 1463 4118 eruditi

529 4149 660 4214 diversa
676 4149 849 4235 supplicia.
1160 4171 1220 4234 per
1234 4159 1388 4216 sanctum
1406 4150 1598 4215 Nazariurn.

748 4321 767 4368 ²
1376 4325 1398 4387 4

484 4461 585 4528 Unus
599 4463 671 4526 dies
688 4473 739 4526 est
755 4464 886 4542 natalis,
1117 4464 1174 4531 Sic
1190 4467 1222 4529 in
1240 4465 1306 4531 fide
1322 4465 1468 4530 roborati

482 4580 624 4644 quorum
642 4569 738 4642 pater
754 4571 804 4626 est
821 4563 956 4639 Vitalis,
1116 4565 1242 4629 suntin
1260 4563 1326 4628 fine
1341 4563 1492 4628 coronati

525 4667 559 4722 et
576 4667 683 4722 mater
699 4659 836 4723 Valeria
851 4683 858 4740 ;
1156 4663 1244 4727 felici
1262 4662 1424 4744 martyrio
1439 4683 1447 4741 ;

482 4754 572 4820 Clari
589 4776 648 4837 per
664 4757 904 4838 progenitores,
1112 4761 1197 4826 Cum
1216 4760 1399 4843 plumbatis
1416 4769 1467 4824 est
1483 4765 1669 4841 prostratus

483 4853 540 4914 sed
558 4853 680 4916 virtute
696 4853 851 4919 clariores
1111 4879 1207 4934 unus,
1223 4859 1307 4922 alter
1323 4857 1518 4934 decollatus,

525 4947 602 5013 fecit
618 4949 742 5018 Christi
758 4953 876 5036 gratia
1154 4956 1217 5018 sub
1233 4956 1318 5020 duce
1334 4955 1482 5021 Astasi0.
