<?xml version="1.0" encoding="UTF-8"?>
<!DOCTYPE html PUBLIC "-//W3C//DTD XHTML 1.0 Transitional//EN"
    "http://www.w3.org/TR/xhtml1/DTD/xhtml1-transitional.dtd">
<html xmlns="http://www.w3.org/1999/xhtml" xml:lang="en" lang="en">
 <head>
  <title>
</title>
<meta http-equiv="Content-Type" content="text/html;charset=utf-8" />
  <meta name='ocr-system' content='tesseract 3.04.00' />
  <meta name='ocr-capabilities' content='ocr_page ocr_carea ocr_par ocr_line ocrx_word'/>
</head>
<body>
  <div class='ocr_page' id='page_1' title='image "./analectaliturgi00wealgoog/analectaliturgi00wealgoog_0583.png"; bbox 0 0 4096 5794; ppageno 0'>
   <div class='ocr_carea' id='block_1_1' title="bbox 485 526 1454 614">
    <p class='ocr_par' dir='ltr' id='par_1_1' title="bbox 485 526 1454 614">
     <span class='ocr_line' id='line_1_1' title="bbox 485 526 1454 614; baseline -0.004 -22"><span class='ocrx_word' id='word_1_1' title='bbox 485 526 557 614; x_wconf 82' lang='grc'>576</span> <span class='ocrx_word' id='word_1_2' title='bbox 778 538 920 590; x_wconf 79' lang='lat' dir='ltr'><strong>PROSAE</strong></span> <span class='ocrx_word' id='word_1_3' title='bbox 949 537 1151 589; x_wconf 83' lang='lat' dir='ltr'><strong>ECCLESIAE</strong></span> <span class='ocrx_word' id='word_1_4' title='bbox 1178 537 1454 588; x_wconf 83' lang='lat' dir='ltr'>CERNELIENSIS</span> 
     </span>
    </p>
   </div>
   <div class='ocr_carea' id='block_1_2' title="bbox 530 735 968 901">
    <p class='ocr_par' dir='ltr' id='par_1_2' title="bbox 530 735 968 901">
     <span class='ocr_line' id='line_1_2' title="bbox 530 735 968 901; baseline -0.007 -17"><span class='ocrx_word' id='word_1_5' title='bbox 530 822 570 884; x_wconf 93' lang='lat' dir='ltr'>In</span> <span class='ocrx_word' id='word_1_6' title='bbox 587 821 717 884; x_wconf 90' lang='lat' dir='ltr'>virtutis</span> <span class='ocrx_word' id='word_1_7' title='bbox 733 735 968 901; x_wconf 69' lang='lat' dir='ltr'>argiumentum</span> 
     </span>
    </p>
   </div>
   <div class='ocr_carea' id='block_1_3' title="bbox 528 913 1063 979">
    <p class='ocr_par' dir='ltr' id='par_1_3' title="bbox 528 913 1063 979">
     <span class='ocr_line' id='line_1_3' title="bbox 528 913 1063 979; baseline -0.006 0"><span class='ocrx_word' id='word_1_8' title='bbox 528 917 681 979; x_wconf 91' lang='lat' dir='ltr'>Thomae</span> <span class='ocrx_word' id='word_1_9' title='bbox 698 913 808 979; x_wconf 90' lang='lat' dir='ltr'>firmat</span> <span class='ocrx_word' id='word_1_10' title='bbox 824 923 1063 978; x_wconf 91' lang='lat' dir='ltr'>testamentum</span> 
     </span>
    </p>
   </div>
   <div class='ocr_carea' id='block_1_4' title="bbox 528 1010 1030 1180">
    <p class='ocr_par' dir='ltr' id='par_1_4' title="bbox 528 1010 1030 1180">
     <span class='ocr_line' id='line_1_4' title="bbox 572 1010 885 1092; baseline -0.006 -18"><span class='ocrx_word' id='word_1_11' title='bbox 572 1010 695 1074; x_wconf 84' lang='lat' dir='ltr'>cerebri</span> <span class='ocrx_word' id='word_1_12' title='bbox 711 1011 885 1092; x_wconf 81' lang='lat' dir='ltr'>dispersio,</span> 
     </span>
     <span class='ocr_line' id='line_1_5' title="bbox 528 1097 1030 1180; baseline -0.004 -18"><span class='ocrx_word' id='word_1_13' title='bbox 528 1099 647 1162; x_wconf 89' lang='lat' dir='ltr'>Vicem</span> <span class='ocrx_word' id='word_1_14' title='bbox 664 1108 775 1161; x_wconf 89' lang='lat' dir='ltr'>cartae</span> <span class='ocrx_word' id='word_1_15' title='bbox 791 1097 1030 1180; x_wconf 89' lang='lat' dir='ltr'>pavimentum,</span> 
     </span>
    </p>
   </div>
   <div class='ocr_carea' id='block_1_5' title="bbox 525 1194 1013 2058">
    <p class='ocr_par' dir='ltr' id='par_1_5' title="bbox 528 1194 1013 1483">
     <span class='ocr_line' id='line_1_6' title="bbox 528 1194 1013 1277; baseline -0.002 -18"><span class='ocrx_word' id='word_1_16' title='bbox 528 1217 624 1260; x_wconf 89' lang='lat' dir='ltr'>cruor</span> <span class='ocrx_word' id='word_1_17' title='bbox 640 1194 773 1277; x_wconf 78' lang='lat' dir='ltr'><strong>supplet</strong></span> <span class='ocrx_word' id='word_1_18' title='bbox 789 1203 1013 1258; x_wconf 84' lang='lat' dir='ltr'><strong>atramentum</strong></span> 
     </span>
     <span class='ocr_line' id='line_1_7' title="bbox 528 1292 884 1375; baseline 0.003 -19"><span class='ocrx_word' id='word_1_19' title='bbox 528 1293 747 1375; x_wconf 83' lang='lat' dir='ltr'>scribiturque</span> <span class='ocrx_word' id='word_1_20' title='bbox 763 1292 884 1374; x_wconf 87' lang='lat' dir='ltr'>gladio.</span> 
     </span>
     <span class='ocr_line' id='line_1_8' title="bbox 790 1423 812 1483; baseline 0 0"><span class='ocrx_word' id='word_1_21' title='bbox 790 1423 812 1483; x_wconf 91' lang='lat'>4</span> 
     </span>
    </p>

    <p class='ocr_par' dir='ltr' id='par_1_6' title="bbox 527 1498 997 1677">
     <span class='ocr_line' id='line_1_9' title="bbox 529 1498 928 1574; baseline -0.01 -10"><span class='ocrx_word' id='word_1_22' title='bbox 529 1499 560 1564; x_wconf 94' lang='lat' dir='ltr'>O</span> <span class='ocrx_word' id='word_1_23' title='bbox 578 1500 730 1563; x_wconf 90' lang='lat' dir='ltr'>miranda</span> <span class='ocrx_word' id='word_1_24' title='bbox 748 1498 812 1560; x_wconf 91' lang='lat' dir='ltr'>Dei</span> <span class='ocrx_word' id='word_1_25' title='bbox 830 1499 928 1574; x_wconf 93' lang='lat' dir='ltr'>dona,</span> 
     </span>
     <span class='ocr_line' id='line_1_10' title="bbox 527 1594 997 1677; baseline -0.011 -18"><span class='ocrx_word' id='word_1_26' title='bbox 527 1597 608 1658; x_wconf 92' lang='lat' dir='ltr'>dum</span> <span class='ocrx_word' id='word_1_27' title='bbox 626 1603 799 1677; x_wconf 75' lang='lat' dir='ltr'>torquetur</span> <span class='ocrx_word' id='word_1_28' title='bbox 816 1594 847 1655; x_wconf 92' lang='lat' dir='ltr'>in</span> <span class='ocrx_word' id='word_1_29' title='bbox 865 1613 997 1667; x_wconf 87' lang='lat' dir='ltr'>corona,</span> 
     </span>
    </p>

    <p class='ocr_par' dir='ltr' id='par_1_7' title="bbox 525 1688 910 1944">
     <span class='ocr_line' id='line_1_11' title="bbox 571 1688 879 1770; baseline -0.006 -17"><span class='ocrx_word' id='word_1_30' title='bbox 571 1699 749 1754; x_wconf 88' lang='lat' dir='ltr'>coronatur</span> <span class='ocrx_word' id='word_1_31' title='bbox 763 1688 879 1770; x_wconf 84' lang='lat' dir='ltr'>gloria,</span> 
     </span>
     <span class='ocr_line' id='line_1_12' title="bbox 528 1783 910 1849; baseline -0.01 0"><span class='ocrx_word' id='word_1_32' title='bbox 528 1787 571 1849; x_wconf 87' lang='lat' dir='ltr'>Et</span> <span class='ocrx_word' id='word_1_33' title='bbox 588 1795 731 1848; x_wconf 90' lang='lat' dir='ltr'>assertor</span> <span class='ocrx_word' id='word_1_34' title='bbox 748 1783 910 1847; x_wconf 89' lang='lat' dir='ltr'>libertatis</span> 
     </span>
     <span class='ocr_line' id='line_1_13' title="bbox 525 1879 910 1944; baseline -0.01 0"><span class='ocrx_word' id='word_1_35' title='bbox 525 1882 693 1944; x_wconf 88' lang='lat' dir='ltr'>exaltatur</span> <span class='ocrx_word' id='word_1_36' title='bbox 709 1901 785 1943; x_wconf 91' lang='lat' dir='ltr'>cum</span> <span class='ocrx_word' id='word_1_37' title='bbox 803 1879 910 1943; x_wconf 90' lang='lat' dir='ltr'>beatis</span> 
     </span>
    </p>

    <p class='ocr_par' dir='ltr' id='par_1_8' title="bbox 569 1977 885 2058">
     <span class='ocr_line' id='line_1_14' title="bbox 569 1977 885 2058; baseline -0.006 -18"><span class='ocrx_word' id='word_1_38' title='bbox 569 1979 601 2040; x_wconf 93' lang='lat' dir='ltr'>in</span> <span class='ocrx_word' id='word_1_39' title='bbox 619 1977 752 2040; x_wconf 88' lang='lat' dir='ltr'>caelesti</span> <span class='ocrx_word' id='word_1_40' title='bbox 770 1977 885 2058; x_wconf 91' lang='lat' dir='ltr'>patria.</span> 
     </span>
    </p>
   </div>
   <div class='ocr_carea' id='block_1_6' title="bbox 1160 730 1667 899">
    <p class='ocr_par' dir='ltr' id='par_1_9' title="bbox 1160 730 1667 899">
     <span class='ocr_line' id='line_1_15' title="bbox 1160 730 1667 899; baseline 0.002 -20"><span class='ocrx_word' id='word_1_41' title='bbox 1160 817 1215 880; x_wconf 90' lang='lat' dir='ltr'>Sic</span> <span class='ocrx_word' id='word_1_42' title='bbox 1231 836 1291 898; x_wconf 89' lang='lat' dir='ltr'>per</span> <span class='ocrx_word' id='word_1_43' title='bbox 1307 730 1449 880; x_wconf 80' lang='lat' dir='ltr'>morterh</span> <span class='ocrx_word' id='word_1_44' title='bbox 1465 817 1554 881; x_wconf 91' lang='lat' dir='ltr'>vitae</span> <span class='ocrx_word' id='word_1_45' title='bbox 1571 827 1667 899; x_wconf 91' lang='lat' dir='ltr'>porta</span> 
     </span>
    </p>
   </div>
   <div class='ocr_carea' id='block_1_7' title="bbox 1161 913 1534 992">
    <p class='ocr_par' dir='ltr' id='par_1_10' title="bbox 1161 913 1534 992">
     <span class='ocr_line' id='line_1_16' title="bbox 1161 913 1534 992; baseline 0.005 -18"><span class='ocrx_word' id='word_1_46' title='bbox 1161 922 1333 992; x_wconf 87' lang='lat' dir='ltr'>reseratur,</span> <span class='ocrx_word' id='word_1_47' title='bbox 1349 923 1381 977; x_wconf 94' lang='lat' dir='ltr'>et</span> <span class='ocrx_word' id='word_1_48' title='bbox 1398 913 1534 977; x_wconf 86' lang='lat' dir='ltr'>absorta</span> 
     </span>
    </p>
   </div>
   <div class='ocr_carea' id='block_1_8' title="bbox 1160 1009 1641 1160">
    <p class='ocr_par' dir='ltr' id='par_1_11' title="bbox 1160 1009 1641 1160">
     <span class='ocr_line' id='line_1_17' title="bbox 1204 1009 1585 1086; baseline 0.005 -15"><span class='ocrx_word' id='word_1_49' title='bbox 1204 1029 1293 1071; x_wconf 91' lang='lat' dir='ltr'>mors</span> <span class='ocrx_word' id='word_1_50' title='bbox 1309 1019 1359 1072; x_wconf 90' lang='lat' dir='ltr'>est</span> <span class='ocrx_word' id='word_1_51' title='bbox 1375 1009 1408 1071; x_wconf 93' lang='lat' dir='ltr'>in</span> <span class='ocrx_word' id='word_1_52' title='bbox 1426 1009 1564 1073; x_wconf 90' lang='lat' dir='ltr'>victoria</span> <span class='ocrx_word' id='word_1_53' title='bbox 1579 1031 1585 1086; x_wconf 89' lang='lat'>;</span> 
     </span>
     <span class='ocr_line' id='line_1_18' title="bbox 1160 1097 1641 1160; baseline 0 0"><span class='ocrx_word' id='word_1_54' title='bbox 1160 1097 1244 1160; x_wconf 87' lang='lat' dir='ltr'>Rern</span> <span class='ocrx_word' id='word_1_55' title='bbox 1261 1097 1415 1160; x_wconf 87' lang='lat' dir='ltr'>audimus</span> <span class='ocrx_word' id='word_1_56' title='bbox 1432 1097 1617 1160; x_wconf 85' lang='lat' dir='ltr'>inauditam</span> <span class='ocrx_word' id='word_1_57' title='bbox 1634 1115 1641 1153; x_wconf 92' lang='lat'>:</span> 
     </span>
    </p>
   </div>
   <div class='ocr_carea' id='block_1_9' title="bbox 1158 1193 1604 1358">
    <p class='ocr_par' dir='ltr' id='par_1_12' title="bbox 1158 1193 1604 1358">
     <span class='ocr_line' id='line_1_19' title="bbox 1158 1193 1604 1272; baseline 0.004 -17"><span class='ocrx_word' id='word_1_58' title='bbox 1158 1202 1255 1256; x_wconf 87' lang='lat' dir='ltr'>sanat</span> <span class='ocrx_word' id='word_1_59' title='bbox 1271 1193 1375 1272; x_wconf 86' lang='lat' dir='ltr'>dolor,</span> <span class='ocrx_word' id='word_1_60' title='bbox 1392 1204 1425 1258; x_wconf 89' lang='lat' dir='ltr'>et</span> <span class='ocrx_word' id='word_1_61' title='bbox 1442 1196 1483 1258; x_wconf 92' lang='lat' dir='ltr'>ad</span> <span class='ocrx_word' id='word_1_62' title='bbox 1501 1196 1604 1258; x_wconf 89' lang='lat' dir='ltr'>vitam</span> 
     </span>
     <span class='ocr_line' id='line_1_20' title="bbox 1202 1293 1518 1358; baseline 0.013 -5"><span class='ocrx_word' id='word_1_63' title='bbox 1202 1311 1290 1354; x_wconf 89' lang='lat' dir='ltr'>mors</span> <span class='ocrx_word' id='word_1_64' title='bbox 1307 1303 1356 1355; x_wconf 90' lang='lat' dir='ltr'>est</span> <span class='ocrx_word' id='word_1_65' title='bbox 1373 1293 1518 1358; x_wconf 88' lang='lat' dir='ltr'>ostiaria.</span> 
     </span>
    </p>
   </div>
   <div class='ocr_carea' id='block_1_10' title="bbox 1159 1497 1725 2060">
    <p class='ocr_par' dir='ltr' id='par_1_13' title="bbox 1159 1497 1725 2060">
     <span class='ocr_line' id='line_1_21' title="bbox 1164 1497 1638 1575; baseline -0.006 -13"><span class='ocrx_word' id='word_1_66' title='bbox 1164 1497 1272 1575; x_wconf 86' lang='lat' dir='ltr'>Caeci,</span> <span class='ocrx_word' id='word_1_67' title='bbox 1288 1499 1387 1574; x_wconf 90' lang='lat' dir='ltr'>surdi,</span> <span class='ocrx_word' id='word_1_68' title='bbox 1403 1498 1524 1574; x_wconf 89' lang='lat' dir='ltr'>claudi,</span> <span class='ocrx_word' id='word_1_69' title='bbox 1541 1498 1638 1572; x_wconf 93' lang='lat' dir='ltr'>muti,</span> 
     </span>
     <span class='ocr_line' id='line_1_22' title="bbox 1159 1593 1574 1656; baseline 0 -2"><span class='ocrx_word' id='word_1_70' title='bbox 1159 1593 1236 1656; x_wconf 90' lang='lat' dir='ltr'>laeti</span> <span class='ocrx_word' id='word_1_71' title='bbox 1253 1603 1388 1656; x_wconf 91' lang='lat' dir='ltr'>currunt</span> <span class='ocrx_word' id='word_1_72' title='bbox 1405 1595 1574 1656; x_wconf 89' lang='lat' dir='ltr'>consecuti</span> 
     </span>
     <span class='ocr_line' id='line_1_23' title="bbox 1204 1687 1554 1766; baseline -0.003 -14"><span class='ocrx_word' id='word_1_73' title='bbox 1204 1690 1356 1752; x_wconf 86' lang='lat' dir='ltr'>Thomae</span> <span class='ocrx_word' id='word_1_74' title='bbox 1373 1687 1534 1752; x_wconf 88' lang='lat' dir='ltr'>beneficia</span> <span class='ocrx_word' id='word_1_75' title='bbox 1548 1711 1554 1766; x_wconf 88' lang='lat'>;</span> 
     </span>
     <span class='ocr_line' id='line_1_24' title="bbox 1160 1784 1725 1862; baseline -0.002 -15"><span class='ocrx_word' id='word_1_76' title='bbox 1160 1785 1221 1847; x_wconf 90' lang='lat' dir='ltr'>Per</span> <span class='ocrx_word' id='word_1_77' title='bbox 1236 1785 1334 1862; x_wconf 90' lang='lat' dir='ltr'>hunc,</span> <span class='ocrx_word' id='word_1_78' title='bbox 1350 1784 1492 1862; x_wconf 86' lang='lat' dir='ltr'>Christe,</span> <span class='ocrx_word' id='word_1_79' title='bbox 1509 1784 1605 1847; x_wconf 93' lang='lat' dir='ltr'>nobis</span> <span class='ocrx_word' id='word_1_80' title='bbox 1621 1784 1725 1847; x_wconf 92' lang='lat' dir='ltr'>dones</span> 
     </span>
     <span class='ocr_line' id='line_1_25' title="bbox 1159 1881 1613 1964; baseline -0.004 -20"><span class='ocrx_word' id='word_1_81' title='bbox 1159 1889 1195 1944; x_wconf 90' lang='lat' dir='ltr'>ut</span> <span class='ocrx_word' id='word_1_82' title='bbox 1212 1901 1288 1944; x_wconf 93' lang='lat' dir='ltr'>cum</span> <span class='ocrx_word' id='word_1_83' title='bbox 1307 1881 1380 1964; x_wconf 91' lang='lat' dir='ltr'>ipso</span> <span class='ocrx_word' id='word_1_84' title='bbox 1397 1901 1458 1944; x_wconf 94' lang='lat' dir='ltr'>nos</span> <span class='ocrx_word' id='word_1_85' title='bbox 1474 1900 1613 1944; x_wconf 90' lang='lat' dir='ltr'>corones</span> 
     </span>
     <span class='ocr_line' id='line_1_26' title="bbox 1201 1977 1577 2060; baseline 0 -20"><span class='ocrx_word' id='word_1_86' title='bbox 1201 1979 1232 2040; x_wconf 94' lang='lat' dir='ltr'>in</span> <span class='ocrx_word' id='word_1_87' title='bbox 1251 1987 1442 2042; x_wconf 90' lang='lat' dir='ltr'>sanctorum</span> <span class='ocrx_word' id='word_1_88' title='bbox 1459 1977 1577 2060; x_wconf 89' lang='lat' dir='ltr'>patria.</span> 
     </span>
    </p>
   </div>
   <div class='ocr_carea' id='block_1_11' title="bbox 481 2116 1747 2268">
    <p class='ocr_par' dir='ltr' id='par_1_14' title="bbox 481 2116 1747 2268">
     <span class='ocr_line' id='line_1_27' title="bbox 519 2116 1747 2186; baseline -0.002 -14"><span class='ocrx_word' id='word_1_89' title='bbox 519 2122 728 2172; x_wconf 84' lang='lat' dir='ltr'>Manuscrlts.</span> <span class='ocrx_word' id='word_1_90' title='bbox 752 2117 865 2171; x_wconf 80' lang='lat' dir='ltr'>ans:</span> <span class='ocrx_word' id='word_1_91' title='bbox 887 2117 958 2171; x_wconf 89' lang='lat' dir='ltr'>Bibi.</span> <span class='ocrx_word' id='word_1_92' title='bbox 973 2117 1009 2172; x_wconf 88' lang='lat' dir='ltr'>de</span> <span class='ocrx_word' id='word_1_93' title='bbox 1021 2117 1169 2186; x_wconf 84' lang='lat' dir='ltr'>l&#39;Arsenal,</span> <span class='ocrx_word' id='word_1_94' title='bbox 1186 2131 1243 2186; x_wconf 83' lang='lat'>135,</span> <span class='ocrx_word' id='word_1_95' title='bbox 1258 2119 1358 2172; x_wconf 88' lang='lat' dir='ltr'>Missel</span> <span class='ocrx_word' id='word_1_96' title='bbox 1373 2118 1542 2173; x_wconf 70' lang='lat' dir='ltr'>Benedictio</span> <span class='ocrx_word' id='word_1_97' title='bbox 1556 2116 1747 2186; x_wconf 75' lang='lat' dir='ltr'>Anglais,nive</span> 
     </span>
     <span class='ocr_line' id='line_1_28' title="bbox 481 2195 1745 2268; baseline -0.001 -17"><span class='ocrx_word' id='word_1_98' title='bbox 481 2198 574 2266; x_wconf 72' lang='lat' dir='ltr'>siecle,</span> <span class='ocrx_word' id='word_1_99' title='bbox 590 2197 622 2250; x_wconf 90' lang='lat'>0.</span> <span class='ocrx_word' id='word_1_100' title='bbox 644 2197 855 2250; x_wconf 72' lang='lat' dir='ltr'>Caussnrnua:</span> <span class='ocrx_word' id='word_1_101' title='bbox 878 2197 949 2250; x_wconf 92' lang='lat' dir='ltr'>Bibl.</span> <span class='ocrx_word' id='word_1_102' title='bbox 960 2195 996 2250; x_wconf 89' lang='lat' dir='ltr'>de</span> <span class='ocrx_word' id='word_1_103' title='bbox 1009 2197 1200 2262; x_wconf 76' lang='lat' dir='ltr'>l’Universite,</span> <span class='ocrx_word' id='word_1_104' title='bbox 1216 2198 1412 2268; x_wconf 87' lang='lat' dir='ltr'>Se&#39;quentiaire</span> <span class='ocrx_word' id='word_1_105' title='bbox 1426 2199 1462 2252; x_wconf 92' lang='lat' dir='ltr'>de</span> <span class='ocrx_word' id='word_1_106' title='bbox 1478 2199 1576 2266; x_wconf 85' lang='lat' dir='ltr'>Cerne,</span> <span class='ocrx_word' id='word_1_107' title='bbox 1591 2214 1653 2251; x_wconf 88' lang='lat' dir='ltr'>vers</span> <span class='ocrx_word' id='word_1_108' title='bbox 1667 2211 1745 2266; x_wconf 85' lang='lat'>1400,</span> 
     </span>
    </p>
   </div>
   <div class='ocr_carea' id='block_1_12' title="bbox 485 2269 542 2323">
    <p class='ocr_par' dir='ltr' id='par_1_15' title="bbox 485 2269 542 2323">
     <span class='ocr_line' id='line_1_29' title="bbox 485 2269 542 2323; baseline -0.018 0"><span class='ocrx_word' id='word_1_109' title='bbox 485 2269 542 2323; x_wconf 87' lang='lat' dir='ltr'>CB.</span> 
     </span>
    </p>
   </div>
   <div class='ocr_carea' id='block_1_13' title="bbox 522 2381 737 2531">
    <p class='ocr_par' dir='ltr' id='par_1_16' title="bbox 522 2381 737 2531">
     <span class='ocr_line' id='line_1_30' title="bbox 525 2381 737 2437; baseline -0.009 -1"><span class='ocrx_word' id='word_1_110' title='bbox 525 2386 573 2436; x_wconf 86' lang='lat' dir='ltr'>rd</span> <span class='ocrx_word' id='word_1_111' title='bbox 605 2381 737 2437; x_wconf 88' lang='lat' dir='ltr'>UtinO.</span> 
     </span>
     <span class='ocr_line' id='line_1_31' title="bbox 522 2462 737 2531; baseline -0.005 -16"><span class='ocrx_word' id='word_1_112' title='bbox 522 2477 569 2516; x_wconf 82' lang='lat' dir='ltr'>aa</span> <span class='ocrx_word' id='word_1_113' title='bbox 599 2462 737 2531; x_wconf 89' lang='lat' dir='ltr'>etperO.</span> 
     </span>
    </p>
   </div>
   <div class='ocr_carea' id='block_1_14' title="bbox 521 2537 1124 2617">
    <p class='ocr_par' dir='ltr' id='par_1_17' title="bbox 521 2537 1124 2617">
     <span class='ocr_line' id='line_1_32' title="bbox 521 2537 1124 2617; baseline -0.005 -23"><span class='ocrx_word' id='word_1_114' title='bbox 521 2541 572 2617; x_wconf 75' lang='lat' dir='ltr'>db</span> <span class='ocrx_word' id='word_1_115' title='bbox 602 2541 725 2594; x_wconf 85' lang='lat' dir='ltr'>assecuti</span> <span class='ocrx_word' id='word_1_116' title='bbox 741 2539 773 2593; x_wconf 89' lang='lat'>0.</span> <span class='ocrx_word' id='word_1_117' title='bbox 805 2543 826 2592; x_wconf 89' lang='lat' dir='ltr'>d</span> <span class='ocrx_word' id='word_1_118' title='bbox 856 2537 947 2606; x_wconf 90' lang='lat' dir='ltr'>nobis,</span> <span class='ocrx_word' id='word_1_119' title='bbox 963 2537 1075 2592; x_wconf 88' lang='lat' dir='ltr'>Christe</span> <span class='ocrx_word' id='word_1_120' title='bbox 1093 2538 1124 2591; x_wconf 94' lang='lat' dir='ltr'>O.</span> 
     </span>
    </p>
   </div>
   <div class='ocr_carea' id='block_1_15' title="bbox 583 2723 1649 2820">
    <p class='ocr_par' dir='ltr' id='par_1_18' title="bbox 583 2723 1649 2820">
     <span class='ocr_line' id='line_1_33' title="bbox 583 2723 1649 2820; baseline -0.004 -20"><span class='ocrx_word' id='word_1_121' title='bbox 583 2751 666 2820; x_wconf 86' lang='lat'><strong>4¹0·</strong></span> <span class='ocrx_word' id='word_1_122' title='bbox 701 2727 756 2799; x_wconf 91' lang='lat' dir='ltr'>IN</span> <span class='ocrx_word' id='word_1_123' title='bbox 791 2724 1200 2799; x_wconf 87' lang='lat' dir='ltr'>CONVERSlONE</span> <span class='ocrx_word' id='word_1_124' title='bbox 1231 2725 1435 2798; x_wconf 84' lang='lat' dir='ltr'>SANCTI</span> <span class='ocrx_word' id='word_1_125' title='bbox 1474 2723 1649 2796; x_wconf 83' lang='lat' dir='ltr'>PAVLl.</span> 
     </span>
    </p>
   </div>
   <div class='ocr_carea' id='block_1_16' title="bbox 531 2895 1068 3048">
    <p class='ocr_par' dir='ltr' id='par_1_19' title="bbox 531 2895 1068 3048">
     <span class='ocr_line' id='line_1_34' title="bbox 796 2895 806 2940; baseline 0 0"><span class='ocrx_word' id='word_1_126' title='bbox 796 2895 806 2940; x_wconf 93' lang='lat'>1</span> 
     </span>
     <span class='ocr_line' id='line_1_35' title="bbox 531 2964 1068 3048; baseline -0.009 -18"><span class='ocrx_word' id='word_1_127' title='bbox 531 2964 663 3042; x_wconf 87' lang='lat' dir='ltr'>Saulus,</span> <span class='ocrx_word' id='word_1_128' title='bbox 678 2965 787 3028; x_wconf 92' lang='lat' dir='ltr'>adhuc</span> <span class='ocrx_word' id='word_1_129' title='bbox 804 2965 935 3048; x_wconf 88' lang='lat' dir='ltr'>spirans</span> <span class='ocrx_word' id='word_1_130' title='bbox 953 2965 1068 3038; x_wconf 87' lang='lat' dir='ltr'>minas,</span> 
     </span>
    </p>
   </div>
   <div class='ocr_carea' id='block_1_17' title="bbox 530 3060 1004 3411">
    <p class='ocr_par' dir='ltr' id='par_1_20' title="bbox 530 3060 945 3231">
     <span class='ocr_line' id='line_1_36' title="bbox 530 3060 945 3142; baseline -0.005 -18"><span class='ocrx_word' id='word_1_131' title='bbox 530 3060 631 3142; x_wconf 89' lang='lat' dir='ltr'>bella,</span> <span class='ocrx_word' id='word_1_132' title='bbox 646 3062 765 3125; x_wconf 90' lang='lat' dir='ltr'>caedes</span> <span class='ocrx_word' id='word_1_133' title='bbox 781 3070 815 3125; x_wconf 94' lang='lat' dir='ltr'>et</span> <span class='ocrx_word' id='word_1_134' title='bbox 831 3060 945 3124; x_wconf 87' lang='lat' dir='ltr'>ruinas</span> 
     </span>
     <span class='ocr_line' id='line_1_37' title="bbox 575 3156 920 3231; baseline -0.003 -12"><span class='ocrx_word' id='word_1_135' title='bbox 575 3159 722 3220; x_wconf 90' lang='lat' dir='ltr'>intentat</span> <span class='ocrx_word' id='word_1_136' title='bbox 740 3156 920 3231; x_wconf 89' lang='lat' dir='ltr'>Ecclesiae,</span> 
     </span>
    </p>

    <p class='ocr_par' dir='ltr' id='par_1_21' title="bbox 532 3251 934 3317">
     <span class='ocr_line' id='line_1_38' title="bbox 532 3251 934 3317; baseline -0.012 0"><span class='ocrx_word' id='word_1_137' title='bbox 532 3253 714 3317; x_wconf 89' lang='lat' dir='ltr'>Animatus</span> <span class='ocrx_word' id='word_1_138' title='bbox 729 3253 773 3316; x_wconf 91' lang='lat' dir='ltr'>ad</span> <span class='ocrx_word' id='word_1_139' title='bbox 789 3251 934 3316; x_wconf 84' lang='lat' dir='ltr'>furorem</span> 
     </span>
    </p>

    <p class='ocr_par' dir='ltr' id='par_1_22' title="bbox 532 3347 1004 3411">
     <span class='ocr_line' id='line_1_39' title="bbox 532 3347 1004 3411; baseline -0.006 -2"><span class='ocrx_word' id='word_1_140' title='bbox 532 3347 650 3410; x_wconf 85' lang='lat' dir='ltr'>transit</span> <span class='ocrx_word' id='word_1_141' title='bbox 668 3357 776 3411; x_wconf 91' lang='lat' dir='ltr'>tortor</span> <span class='ocrx_word' id='word_1_142' title='bbox 792 3349 825 3410; x_wconf 94' lang='lat' dir='ltr'>in</span> <span class='ocrx_word' id='word_1_143' title='bbox 843 3355 1004 3410; x_wconf 90' lang='lat' dir='ltr'>rectorem</span> 
     </span>
    </p>
   </div>
   <div class='ocr_carea' id='block_1_18' title="bbox 536 3441 1068 3679">
    <p class='ocr_par' dir='ltr' id='par_1_23' title="bbox 536 3441 1068 3679">
     <span class='ocr_line' id='line_1_40' title="bbox 576 3441 917 3523; baseline 0 -19"><span class='ocrx_word' id='word_1_144' title='bbox 576 3451 658 3507; x_wconf 93' lang='lat' dir='ltr'>nutu</span> <span class='ocrx_word' id='word_1_145' title='bbox 676 3441 917 3523; x_wconf 76' lang='lat' dir='ltr'>providentiae,</span> 
     </span>
     <span class='ocr_line' id='line_1_41' title="bbox 796 3545 813 3590; baseline 0 0"><span class='ocrx_word' id='word_1_146' title='bbox 796 3545 813 3590; x_wconf 89' lang='lat'><strong>2</strong></span> 
     </span>
     <span class='ocr_line' id='line_1_42' title="bbox 536 3615 1068 3679; baseline -0.006 -1"><span class='ocrx_word' id='word_1_147' title='bbox 536 3615 638 3678; x_wconf 92' lang='lat' dir='ltr'>Hunc</span> <span class='ocrx_word' id='word_1_148' title='bbox 656 3615 860 3678; x_wconf 90' lang='lat' dir='ltr'>Damascum</span> <span class='ocrx_word' id='word_1_149' title='bbox 878 3615 1068 3679; x_wconf 89' lang='lat' dir='ltr'>venientem</span> 
     </span>
    </p>
   </div>
   <div class='ocr_carea' id='block_1_19' title="bbox 535 3709 1052 4157">
    <p class='ocr_par' dir='ltr' id='par_1_24' title="bbox 535 3709 1052 4157">
     <span class='ocr_line' id='line_1_43' title="bbox 535 3709 1052 3793; baseline -0.008 -17"><span class='ocrx_word' id='word_1_150' title='bbox 535 3709 659 3776; x_wconf 88' lang='lat' dir='ltr'>Christi</span> <span class='ocrx_word' id='word_1_151' title='bbox 675 3731 787 3773; x_wconf 85' lang='lat' dir='ltr'>seruos</span> <span class='ocrx_word' id='word_1_152' title='bbox 804 3711 1052 3793; x_wconf 90' lang='lat' dir='ltr'>opprimentem</span> 
     </span>
     <span class='ocr_line' id='line_1_44' title="bbox 580 3806 956 3890; baseline 0.005 -22"><span class='ocrx_word' id='word_1_153' title='bbox 580 3806 638 3868; x_wconf 89' lang='lat' dir='ltr'>lux</span> <span class='ocrx_word' id='word_1_154' title='bbox 656 3807 769 3870; x_wconf 89' lang='lat' dir='ltr'>divina</span> <span class='ocrx_word' id='word_1_155' title='bbox 785 3808 956 3890; x_wconf 89' lang='lat' dir='ltr'>reprimit;</span> 
     </span>
     <span class='ocr_line' id='line_1_45' title="bbox 538 3902 1035 3986; baseline -0.002 -22"><span class='ocrx_word' id='word_1_156' title='bbox 538 3903 656 3965; x_wconf 91' lang='lat' dir='ltr'>Visum</span> <span class='ocrx_word' id='word_1_157' title='bbox 674 3903 784 3984; x_wconf 89' lang='lat' dir='ltr'>perdit</span> <span class='ocrx_word' id='word_1_158' title='bbox 800 3904 832 3966; x_wconf 92' lang='lat' dir='ltr'>in</span> <span class='ocrx_word' id='word_1_159' title='bbox 850 3902 1035 3986; x_wconf 90' lang='lat' dir='ltr'>splendore,</span> 
     </span>
     <span class='ocr_line' id='line_1_46' title="bbox 539 3999 894 4062; baseline 0.003 -2"><span class='ocrx_word' id='word_1_160' title='bbox 539 3999 610 4061; x_wconf 88' lang='lat' dir='ltr'>visu</span> <span class='ocrx_word' id='word_1_161' title='bbox 627 4010 740 4062; x_wconf 90' lang='lat' dir='ltr'>tamen</span> <span class='ocrx_word' id='word_1_162' title='bbox 758 3999 894 4062; x_wconf 90' lang='lat' dir='ltr'>meliore</span> 
     </span>
     <span class='ocr_line' id='line_1_47' title="bbox 582 4093 970 4157; baseline -0.005 -1"><span class='ocrx_word' id='word_1_163' title='bbox 582 4094 670 4156; x_wconf 91' lang='lat' dir='ltr'>visus</span> <span class='ocrx_word' id='word_1_164' title='bbox 686 4095 812 4157; x_wconf 90' lang='lat' dir='ltr'>damna</span> <span class='ocrx_word' id='word_1_165' title='bbox 829 4093 970 4156; x_wconf 89' lang='lat' dir='ltr'>redimit.</span> 
     </span>
    </p>
   </div>
   <div class='ocr_carea' id='block_1_20' title="bbox 538 4199 944 4334">
    <p class='ocr_par' dir='ltr' id='par_1_25' title="bbox 538 4199 944 4334">
     <span class='ocr_line' id='line_1_48' title="bbox 538 4199 944 4334; baseline -0.01 0"><span class='ocrx_word' id='word_1_166' title='bbox 538 4269 607 4334; x_wconf 93' lang='lat' dir='ltr'>Vas</span> <span class='ocrx_word' id='word_1_167' title='bbox 623 4267 703 4330; x_wconf 93' lang='lat' dir='ltr'>olim</span> <span class='ocrx_word' id='word_1_168' title='bbox 720 4199 944 4331; x_wconf 67' lang='lat' dir='ltr'>conthmeliae</span> 
     </span>
    </p>
   </div>
   <div class='ocr_carea' id='block_1_21' title="bbox 539 4362 1025 5016">
    <p class='ocr_par' dir='ltr' id='par_1_26' title="bbox 539 4362 1025 5016">
     <span class='ocr_line' id='line_1_49' title="bbox 624 4362 914 4438; baseline -0.003 -13"><span class='ocrx_word' id='word_1_169' title='bbox 624 4383 683 4425; x_wconf 89' lang='lat' dir='ltr'>vas</span> <span class='ocrx_word' id='word_1_170' title='bbox 698 4362 914 4438; x_wconf 82' lang='lat' dir='ltr'>confusionis,</span> 
     </span>
     <span class='ocr_line' id='line_1_50' title="bbox 539 4455 1002 4540; baseline 0 -20"><span class='ocrx_word' id='word_1_171' title='bbox 539 4479 597 4521; x_wconf 91' lang='lat' dir='ltr'>vas</span> <span class='ocrx_word' id='word_1_172' title='bbox 613 4478 648 4520; x_wconf 92' lang='lat' dir='ltr'>es</span> <span class='ocrx_word' id='word_1_173' title='bbox 664 4455 803 4522; x_wconf 81' lang='lat' dir='ltr'>effectus</span> <span class='ocrx_word' id='word_1_174' title='bbox 819 4458 957 4540; x_wconf 84' lang='lat' dir='ltr'>gratiae,</span> <span class='ocrx_word' id='word_1_175' title='bbox 1000 4495 1002 4498; x_wconf 94' lang='lat'>-</span> 
     </span>
     <span class='ocr_line' id='line_1_51' title="bbox 627 4552 892 4618; baseline 0.008 -3"><span class='ocrx_word' id='word_1_176' title='bbox 627 4574 686 4616; x_wconf 92' lang='lat' dir='ltr'>vas</span> <span class='ocrx_word' id='word_1_177' title='bbox 701 4552 873 4618; x_wconf 89' lang='lat' dir='ltr'>electionis</span> <span class='ocrx_word' id='word_1_178' title='bbox 886 4553 892 4617; x_wconf 95' lang='lat' dir='ltr'>l</span> 
     </span>
     <span class='ocr_line' id='line_1_52' title="bbox 543 4647 1023 4730; baseline -0.004 -20"><span class='ocrx_word' id='word_1_179' title='bbox 543 4648 683 4711; x_wconf 88' lang='lat' dir='ltr'>Manum</span> <span class='ocrx_word' id='word_1_180' title='bbox 701 4658 842 4730; x_wconf 88' lang='lat' dir='ltr'>experta</span> <span class='ocrx_word' id='word_1_181' title='bbox 858 4647 1023 4710; x_wconf 89' lang='lat' dir='ltr'>vindicem</span> 
     </span>
     <span class='ocr_line' id='line_1_53' title="bbox 632 4743 912 4822; baseline 0 -16"><span class='ocrx_word' id='word_1_182' title='bbox 632 4744 743 4806; x_wconf 78' lang='lat' dir='ltr'>feritas</span> <span class='ocrx_word' id='word_1_183' title='bbox 760 4743 912 4822; x_wconf 90' lang='lat' dir='ltr'>mitescit,</span> 
     </span>
     <span class='ocr_line' id='line_1_54' title="bbox 544 4837 1025 4921; baseline 0 -21"><span class='ocrx_word' id='word_1_184' title='bbox 544 4857 649 4921; x_wconf 86' lang='lat' dir='ltr'>rapax</span> <span class='ocrx_word' id='word_1_185' title='bbox 666 4838 699 4901; x_wconf 92' lang='lat' dir='ltr'>in</span> <span class='ocrx_word' id='word_1_186' title='bbox 716 4858 814 4902; x_wconf 90' lang='lat' dir='ltr'>ovem</span> <span class='ocrx_word' id='word_1_187' title='bbox 830 4837 1025 4921; x_wconf 88' lang='lat' dir='ltr'>simplicem,</span> 
     </span>
     <span class='ocr_line' id='line_1_55' title="bbox 630 4934 953 5016; baseline 0.006 -22"><span class='ocrx_word' id='word_1_188' title='bbox 630 4934 727 5016; x_wconf 90' lang='lat' dir='ltr'>lupus</span> <span class='ocrx_word' id='word_1_189' title='bbox 744 4934 953 4997; x_wconf 88' lang='lat' dir='ltr'>mansuescit.</span> 
     </span>
    </p>
   </div>
   <div class='ocr_carea' id='block_1_22' title="bbox 1160 2894 1620 3047">
    <p class='ocr_par' dir='ltr' id='par_1_27' title="bbox 1160 2894 1620 3047">
     <span class='ocr_line' id='line_1_56' title="bbox 1160 2894 1620 3047; baseline 0 -21"><span class='ocrx_word' id='word_1_190' title='bbox 1160 2963 1270 3046; x_wconf 79' lang='lat' dir='ltr'>Quem</span> <span class='ocrx_word' id='word_1_191' title='bbox 1288 2894 1441 3047; x_wconf 60' lang='lat' dir='ltr'>baptizai</span> <span class='ocrx_word' id='word_1_192' title='bbox 1455 2964 1620 3042; x_wconf 90' lang='lat' dir='ltr'>Ananias,</span> 
     </span>
    </p>
   </div>
   <div class='ocr_carea' id='block_1_23' title="bbox 1161 3060 1743 4092">
    <p class='ocr_par' dir='ltr' id='par_1_28' title="bbox 1162 3060 1665 3240">
     <span class='ocr_line' id='line_1_57' title="bbox 1162 3060 1665 3137; baseline -0.002 -14"><span class='ocrx_word' id='word_1_193' title='bbox 1162 3061 1322 3136; x_wconf 88' lang='lat' dir='ltr'>Christus,</span> <span class='ocrx_word' id='word_1_194' title='bbox 1341 3062 1428 3125; x_wconf 88' lang='lat' dir='ltr'>vitae</span> <span class='ocrx_word' id='word_1_195' title='bbox 1444 3061 1569 3125; x_wconf 91' lang='lat' dir='ltr'>docens</span> <span class='ocrx_word' id='word_1_196' title='bbox 1586 3060 1665 3137; x_wconf 89' lang='lat' dir='ltr'>vias,</span> 
     </span>
     <span class='ocr_line' id='line_1_58' title="bbox 1209 3155 1612 3240; baseline -0.002 -21"><span class='ocrx_word' id='word_1_197' title='bbox 1209 3155 1312 3220; x_wconf 91' lang='lat' dir='ltr'>Sacro</span> <span class='ocrx_word' id='word_1_198' title='bbox 1328 3156 1434 3240; x_wconf 88' lang='lat' dir='ltr'>replet</span> <span class='ocrx_word' id='word_1_199' title='bbox 1451 3157 1478 3220; x_wconf 92' lang='lat' dir='ltr'>F</span> <span class='ocrx_word' id='word_1_200' title='bbox 1480 3157 1612 3234; x_wconf 90' lang='lat' dir='ltr'>lamine,</span> 
     </span>
    </p>

    <p class='ocr_par' dir='ltr' id='par_1_29' title="bbox 1161 3251 1576 3318">
     <span class='ocr_line' id='line_1_59' title="bbox 1161 3251 1576 3318; baseline 0.005 -4"><span class='ocrx_word' id='word_1_201' title='bbox 1161 3251 1263 3314; x_wconf 89' lang='lat' dir='ltr'>Vitae</span> <span class='ocrx_word' id='word_1_202' title='bbox 1279 3254 1377 3315; x_wconf 90' lang='lat' dir='ltr'>datus</span> <span class='ocrx_word' id='word_1_203' title='bbox 1395 3254 1536 3318; x_wconf 90' lang='lat' dir='ltr'>novitati</span> <span class='ocrx_word' id='word_1_204' title='bbox 1575 3273 1576 3277; x_wconf 48' lang='lat'>¹</span> 
     </span>
    </p>

    <p class='ocr_par' dir='ltr' id='par_1_30' title="bbox 1163 3347 1661 3538">
     <span class='ocr_line' id='line_1_60' title="bbox 1163 3347 1661 3431; baseline 0.006 -23"><span class='ocrx_word' id='word_1_205' title='bbox 1163 3347 1324 3429; x_wconf 90' lang='lat' dir='ltr'>quidquid</span> <span class='ocrx_word' id='word_1_206' title='bbox 1343 3357 1453 3429; x_wconf 91' lang='lat' dir='ltr'>potest</span> <span class='ocrx_word' id='word_1_207' title='bbox 1471 3347 1574 3412; x_wconf 92' lang='lat' dir='ltr'>homo</span> <span class='ocrx_word' id='word_1_208' title='bbox 1592 3349 1661 3431; x_wconf 92' lang='lat' dir='ltr'>pati</span> 
     </span>
     <span class='ocr_line' id='line_1_61' title="bbox 1205 3440 1661 3538; baseline 0.009 -35"><span class='ocrx_word' id='word_1_209' title='bbox 1205 3440 1268 3504; x_wconf 84' lang='lat' dir='ltr'>fert</span> <span class='ocrx_word' id='word_1_210' title='bbox 1286 3464 1346 3523; x_wconf 90' lang='lat' dir='ltr'>pro</span> <span class='ocrx_word' id='word_1_211' title='bbox 1363 3442 1487 3538; x_wconf 82' lang='lat' dir='ltr'>Christi</span> <span class='ocrx_word' id='word_1_212' title='bbox 1506 3446 1661 3507; x_wconf 90' lang='lat' dir='ltr'>nomine:</span> 
     </span>
    </p>

    <p class='ocr_par' dir='ltr' id='par_1_31' title="bbox 1429 3603 1444 3668">
     <span class='ocr_line' id='line_1_62' title="bbox 1429 3603 1444 3668; baseline 0 0"><span class='ocrx_word' id='word_1_213' title='bbox 1429 3603 1444 3668; x_wconf 88' lang='lat'>5</span> 
     </span>
    </p>

    <p class='ocr_par' dir='ltr' id='par_1_32' title="bbox 1168 3720 1712 3806">
     <span class='ocr_line' id='line_1_63' title="bbox 1168 3720 1712 3806; baseline 0.004 -23"><span class='ocrx_word' id='word_1_214' title='bbox 1168 3720 1316 3800; x_wconf 90' lang='lat' dir='ltr'>Famem,</span> <span class='ocrx_word' id='word_1_215' title='bbox 1327 3723 1433 3800; x_wconf 87' lang='lat' dir='ltr'>sitim,</span> <span class='ocrx_word' id='word_1_216' title='bbox 1448 3722 1560 3806; x_wconf 80' lang='lat' dir='ltr'>frigus,</span> <span class='ocrx_word' id='word_1_217' title='bbox 1576 3743 1712 3806; x_wconf 86' lang='lat' dir='ltr'>poenas,</span> 
     </span>
    </p>

    <p class='ocr_par' dir='ltr' id='par_1_33' title="bbox 1165 3813 1743 3992">
     <span class='ocr_line' id='line_1_64' title="bbox 1165 3813 1743 3902; baseline 0.009 -24"><span class='ocrx_word' id='word_1_218' title='bbox 1165 3837 1259 3893; x_wconf 86' lang='lat' dir='ltr'>saxa,</span> <span class='ocrx_word' id='word_1_219' title='bbox 1275 3818 1378 3881; x_wconf 84' lang='lat' dir='ltr'>fustes</span> <span class='ocrx_word' id='word_1_220' title='bbox 1394 3821 1636 3902; x_wconf 90' lang='lat' dir='ltr'>quadragenas,</span> <span class='ocrx_word' id='word_1_221' title='bbox 1721 3862 1723 3865; x_wconf 31' lang='lat' dir='ltr'>v</span> <span class='ocrx_word' id='word_1_222' title='bbox 1740 3813 1743 3816; x_wconf 57' lang='grc'><strong>’</strong></span> 
     </span>
     <span class='ocr_line' id='line_1_65' title="bbox 1210 3915 1565 3992; baseline 0.008 -17"><span class='ocrx_word' id='word_1_223' title='bbox 1210 3933 1357 3976; x_wconf 87' lang='lat' dir='ltr'>carceres</span> <span class='ocrx_word' id='word_1_224' title='bbox 1373 3923 1407 3977; x_wconf 95' lang='lat' dir='ltr'>et</span> <span class='ocrx_word' id='word_1_225' title='bbox 1423 3915 1565 3992; x_wconf 88' lang='lat' dir='ltr'>vincula,</span> 
     </span>
    </p>

    <p class='ocr_par' dir='ltr' id='par_1_34' title="bbox 1170 4009 1613 4092">
     <span class='ocr_line' id='line_1_66' title="bbox 1170 4009 1613 4092; baseline 0.007 -23"><span class='ocrx_word' id='word_1_226' title='bbox 1170 4009 1208 4070; x_wconf 97' lang='lat' dir='ltr'>ln</span> <span class='ocrx_word' id='word_1_227' title='bbox 1226 4029 1387 4090; x_wconf 90' lang='lat' dir='ltr'>aquarum</span> <span class='ocrx_word' id='word_1_228' title='bbox 1404 4021 1613 4092; x_wconf 86' lang='lat' dir='ltr'>tempestate,</span> 
     </span>
    </p>
   </div>
   <div class='ocr_carea' id='block_1_24' title="bbox 1167 4103 1604 4292">
    <p class='ocr_par' dir='ltr' id='par_1_35' title="bbox 1167 4103 1604 4292">
     <span class='ocr_line' id='line_1_67' title="bbox 1167 4103 1569 4170; baseline 0.012 -5"><span class='ocrx_word' id='word_1_229' title='bbox 1167 4104 1249 4166; x_wconf 90' lang='lat' dir='ltr'>etin</span> <span class='ocrx_word' id='word_1_230' title='bbox 1268 4103 1406 4167; x_wconf 90' lang='lat' dir='ltr'>lratrum</span> <span class='ocrx_word' id='word_1_231' title='bbox 1424 4104 1569 4170; x_wconf 81' lang='lat' dir='ltr'>salsitate</span> 
     </span>
     <span class='ocr_line' id='line_1_68' title="bbox 1209 4200 1604 4292; baseline 0.013 -32"><span class='ocrx_word' id='word_1_232' title='bbox 1209 4201 1378 4292; x_wconf 88' lang='lat' dir='ltr'>sustinens</span> <span class='ocrx_word' id='word_1_233' title='bbox 1394 4200 1548 4290; x_wconf 89' lang='lat' dir='ltr'>pericula.</span> <span class='ocrx_word' id='word_1_234' title='bbox 1601 4247 1604 4254; x_wconf 63' lang='lat'><strong>.</strong></span> 
     </span>
    </p>
   </div>
   <div class='ocr_carea' id='block_1_25' title="bbox 1429 4336 1451 4397">
    <p class='ocr_par' dir='ltr' id='par_1_36' title="bbox 1429 4336 1451 4397">
     <span class='ocr_line' id='line_1_69' title="bbox 1429 4336 1451 4397; baseline 0 0"><span class='ocrx_word' id='word_1_235' title='bbox 1429 4336 1451 4397; x_wconf 92' lang='lat'><strong>6</strong></span> 
     </span>
    </p>
   </div>
   <div class='ocr_carea' id='block_1_26' title="bbox 1170 4459 1730 4728">
    <p class='ocr_par' dir='ltr' id='par_1_37' title="bbox 1170 4459 1730 4728">
     <span class='ocr_line' id='line_1_70' title="bbox 1170 4459 1727 4548; baseline 0.005 -27"><span class='ocrx_word' id='word_1_236' title='bbox 1170 4459 1356 4525; x_wconf 90' lang='lat' dir='ltr'>Pitonissae</span> <span class='ocrx_word' id='word_1_237' title='bbox 1371 4460 1459 4528; x_wconf 92' lang='lat' dir='ltr'>tollit</span> <span class='ocrx_word' id='word_1_238' title='bbox 1476 4471 1676 4545; x_wconf 81' lang='lat' dir='ltr'>quaestum,</span> <span class='ocrx_word' id='word_1_239' title='bbox 1706 4493 1727 4548; x_wconf 81' lang='lat'><em>&#39;··.</em></span> 
     </span>
     <span class='ocr_line' id='line_1_71' title="bbox 1171 4553 1639 4646; baseline 0.011 -31"><span class='ocrx_word' id='word_1_240' title='bbox 1171 4573 1307 4635; x_wconf 86' lang='lat' dir='ltr'>magum</span> <span class='ocrx_word' id='word_1_241' title='bbox 1325 4553 1408 4646; x_wconf 86' lang='lat' dir='ltr'>ierit,</span> <span class='ocrx_word' id='word_1_242' title='bbox 1425 4567 1458 4622; x_wconf 90' lang='lat' dir='ltr'>et</span> <span class='ocrx_word' id='word_1_243' title='bbox 1475 4559 1639 4646; x_wconf 78' lang='lat' dir='ltr'>incestum</span> 
     </span>
     <span class='ocr_line' id='line_1_72' title="bbox 1215 4651 1730 4728; baseline 0.008 -16"><span class='ocrx_word' id='word_1_244' title='bbox 1215 4651 1357 4713; x_wconf 90' lang='lat' dir='ltr'>damnat</span> <span class='ocrx_word' id='word_1_245' title='bbox 1372 4652 1405 4714; x_wconf 93' lang='lat' dir='ltr'>in</span> <span class='ocrx_word' id='word_1_246' title='bbox 1423 4651 1619 4728; x_wconf 86' lang='lat' dir='ltr'>Corinthio;</span> <span class='ocrx_word' id='word_1_247' title='bbox 1725 4659 1730 4666; x_wconf 86' lang='lat'>&#39;</span> 
     </span>
    </p>
   </div>
   <div class='ocr_carea' id='block_1_27' title="bbox 1172 4745 1653 4999">
    <p class='ocr_par' dir='ltr' id='par_1_38' title="bbox 1172 4745 1653 4999">
     <span class='ocr_line' id='line_1_73' title="bbox 1176 4745 1608 4822; baseline 0.005 -15"><span class='ocrx_word' id='word_1_248' title='bbox 1176 4746 1403 4809; x_wconf 89' lang='lat' dir='ltr'>lncenduntur</span> <span class='ocrx_word' id='word_1_249' title='bbox 1418 4745 1492 4810; x_wconf 91' lang='lat' dir='ltr'>libri</span> <span class='ocrx_word' id='word_1_250' title='bbox 1509 4747 1584 4810; x_wconf 91' lang='lat' dir='ltr'>vani</span> <span class='ocrx_word' id='word_1_251' title='bbox 1601 4767 1608 4822; x_wconf 91' lang='lat'>;</span> 
     </span>
     <span class='ocr_line' id='line_1_74' title="bbox 1172 4838 1653 4928; baseline 0.006 -22"><span class='ocrx_word' id='word_1_252' title='bbox 1172 4841 1367 4916; x_wconf 93' lang='lat' dir='ltr'>moriuntur,</span> <span class='ocrx_word' id='word_1_253' title='bbox 1383 4838 1467 4905; x_wconf 90' lang='lat' dir='ltr'>fiunt</span> <span class='ocrx_word' id='word_1_254' title='bbox 1482 4843 1564 4916; x_wconf 86' lang='lat' dir='ltr'>sani,</span> <span class='ocrx_word' id='word_1_255' title='bbox 1646 4923 1653 4928; x_wconf 34' lang='grc'>-</span> 
     </span>
     <span class='ocr_line' id='line_1_75' title="bbox 1215 4935 1528 4999; baseline 0.003 -1"><span class='ocrx_word' id='word_1_256' title='bbox 1215 4935 1295 4998; x_wconf 91' lang='lat' dir='ltr'>tacti</span> <span class='ocrx_word' id='word_1_257' title='bbox 1313 4935 1528 4999; x_wconf 77' lang='lat' dir='ltr'>semicinctio,</span> 
     </span>
    </p>
   </div>
   <div class='ocr_carea' id='block_1_28' title="bbox 0 0 2052 5794">
    <p class='ocr_par' dir='ltr' id='par_1_39' title="bbox 0 0 2052 5794">
     <span class='ocr_line' id='line_1_76' title="bbox 0 0 2052 5794; baseline 0 0"><span class='ocrx_word' id='word_1_258' title='bbox 0 0 2052 5794; x_wconf 95' lang='lat' dir='ltr'> </span> 
     </span>
    </p>
   </div>
  </div>
 </body>
</html>
