4116 5784
499 525 572 602 334
802 515 945 568 PROSAE
976 509 1180 564 ECCLESIAE
1211 503 1448 559 MORINENSIS

830 713 913 781 224.
944 685 1020 760 DE
1057 679 1434 763 MARTYRIBVS.

806 863 819 908 1
1173 854 1345 920 nunquam
1362 831 1480 916 poenis
1496 837 1591 892 erant
1608 828 1702 903 sessi,-

546 954 595 1018 Te
613 960 776 1032 martyres
792 945 963 1011 candidati
1175 951 1307 1013 semper
1323 928 1494 994 Christum
1512 932 1590 988 sunt
1605 923 1758 998 confessi,

545 1049 643 1114 laude
659 1065 830 1127 nunquam
849 1041 979 1124 fatigati
1220 1037 1415 1108 respuentes
1431 1020 1520 1086 idola
1534 1043 1541 1098 ;

586 1161 718 1225 semper
734 1141 882 1214 laudant,
900 1137 1048 1201 Domine
1062 1157 1069 1213 3
1173 1121 1368 1187 Carceribus
1385 1118 1567 1200 mancipati

544 1245 583 1307 ln
600 1243 664 1306 hac
680 1241 734 1303 die
750 1239 806 1322 qui
823 1235 947 1318 recepti
1174 1230 1251 1284 sunt
1267 1219 1388 1301 gladiis
1403 1215 1559 1281 decollati

544 1349 621 1402 sunt
638 1339 670 1400 in
688 1334 827 1408 caelum,
843 1341 876 1395 et
892 1329 996 1412 erepti
1172 1327 1206 1380 et
1223 1317 1254 1379 in
1272 1313 1373 1378 caelis
1388 1313 1538 1376 COfOssati

586 1435 628 1498 de
646 1431 761 1496 mundi
778 1428 944 1509 voragine.
1218 1412 1382 1492 virginum
1400 1407 1542 1470 aureola.

807 1545 825 1590 ²
1434 1546 1457 1608 4

590 1649 627 1711 ln
645 1644 758 1710 duello
774 1639 899 1725 duplici
1039 1639 1043 1646 '
1177 1637 1265 1702 Sunt
1282 1637 1313 1699 in
1332 1634 1432 1698 caelis
1448 1643 1481 1696 et
1498 1632 1673 1706 laetantur,

587 1743 736 1826 gaudent
752 1739 813 1802 sibi
831 1735 948 1800 subiici
1176 1731 1286 1794 Deum
1304 1731 1420 1794 vident
1436 1739 1470 1793 et
1487 1729 1649 1792 mirantur

589 1837 752 1902 mundum
770 1843 803 1897 et
819 1831 999 1896 daemonia
1050 1886 1054 1893 .
1218 1827 1370 1889 miranda
1388 1824 1524 1901 laetitia,

588 1935 621 1997 in
638 1931 741 2015 dupla
758 1929 896 1992 victoria
914 1947 920 2005 ;
1176 1933 1209 1986 et
1225 1922 1371 1985 videndo
1387 1921 1551 1984 satiantur

589 2029 699 2094 Corde
715 2034 842 2088 stantes
859 2022 1003 2104 simplici
1219 2019 1283 2082 Dei
1300 2018 1380 2080 satis
1397 2015 1527 2098 gloria;

589 2141 760 2206 nunquam
778 2127 920 2202 possunt
936 2119 1043 2194 deiici,
1122 2169 1123 2174 ,
1176 2115 1237 2178 Per
1252 2135 1338 2196 quos
1356 2112 1526 2178 Christum
1543 2111 1761 2192 deprecamur

589 2239 697 2301 neque
712 2237 771 2300 per
786 2214 949 2296 supplicia
1176 2209 1267 2291 quod
1285 2229 1346 2272 nos
1362 2207 1416 2270 hic
1433 2208 1488 2289 qui
1505 2224 1750 2289 congregamur

589 2335 650 2378 nec
666 2333 724 2396 per
740 2311 807 2376 ulla
824 2309 913 2374 vitia.
1219 2314 1251 2375 in
1270 2313 1334 2376 Dei
1351 2311 1548 2394 praesentia,

808 2425 825 2488 3
1176 2427 1254 2471 vera
1270 2407 1339 2470 vite
1355 2405 1564 2489 perfruamur

551 2511 642 2574 Dum
659 2512 828 2571 tormenta
843 2513 922 2567 sunt
938 2503 1085 2588 perpessi
1221 2499 1391 2567 dicentes:
1407 2501 1562 2566 Alleluia.

753 2720 833 2808 225.
871 2711 946 2786 DE
981 2713 1099 2790 VNO
1132 2713 1517 2790 CONFESSORE.

812 2903 824 2952 1
1437 2908 1459 2968 4
1510 2963 1513 2971 .

548 2997 608 3062 Isti
625 3003 743 3060 sancto
758 2991 940 3057 consessori
1074 2986 1076 2995 ’
1178 2993 1348 3074 Pastorale
1365 3002 1479 3076 pastor
1495 2992 1613 3070 bonus,

521 3161 526 3169 ,
545 3079 740 3186 angelorum
757 3091 864 3154 sancti
881 3091 972 3154 chori
1070 3143 1076 3150 .
1177 3093 1234 3154 sed
1253 3091 1364 3168 invite,
1380 3091 1523 3172 sumpsit
1539 3110 1633 3166 onus,

491 3205 495 3214 ’
589 3195 803 3254 occurrerunt
820 3185 965 3264 obviarn,
1220 3185 1357 3249 honoris
1373 3185 1560 3266 impatiens,

547 3285 587 3350 ln
603 3286 666 3348 hac
683 3285 738 3348 die
754 3283 889 3365 quando
904 3301 1034 3346 sursum
1179 3281 1324 3364 Gregem
1342 3281 1407 3344 Dei
1423 3281 1508 3344 bene
1524 3282 1617 3363 pavit

545 3381 608 3446 suit
624 3388 702 3464 post
718 3379 806 3441 hunc
823 3377 911 3440 vitae
928 3398 1060 3443 cursum
1176 3387 1209 3442 et
1225 3385 1382 3460 aegrotos
1399 3377 1562 3455 liberavit,

589 3478 789 3558 adsumptus
799 3473 847 3557 ad
864 3473 1016 3556 gloriam.
1220 3475 1401 3538 daemones
1418 3473 1559 3537 eiiciens.

707 3653 712 3663 .
810 3595 829 3642 ²
1070 3663 1071 3668 ,
1441 3593 1456 3660 5
1503 3593 1508 3602 “
1664 3641 1670 3652 .

549 3688 616 3752 Hic
632 3687 675 3751 ab
692 3685 783 3749 omni
800 3705 894 3748 carus
910 3696 1021 3770 gente,
1180 3686 1319 3751 Morbos
1334 3684 1463 3768 pellens
1479 3696 1512 3748 et
1528 3685 1714 3770 languores

546 3777 681 3848 san'ctus
697 3781 816 3859 verbis,
831 3792 967 3845 sanctus
984 3786 1106 3860 mente,
1176 3782 1292 3846 laudes
1308 3802 1468 3864 spernens
1485 3792 1517 3846 et
1534 3781 1686 3866 honores,

557 3951 559 3958 ¹
590 3889 725 3944 sanctus
741 3877 785 3940 ab
802 3877 951 3956 infantia,
1221 3880 1363 3942 tendens
1379 3877 1422 3941 ad
1439 3877 1605 3955 caelestia,

549 3976 587 4040 In
605 3995 706 4058 quem
723 3973 846 4037 mansit
864 3973 988 4037 Elisaei
1179 3974 1235 4040 Sic
1251 3994 1457 4056 componens
1473 3993 1550 4038 suos
1568 3993 1677 4037 mores

547 4071 773 4156 praedicando
790 4069 926 4134 verbum
945 4069 1009 4134 Dei
1178 4071 1220 4136 ad
1237 4070 1397 4134 caelestes
1414 4070 1506 4134 vadit
1524 4069 1619 4148 iores,

590 4169 726 4252 spiritus
743 4177 776 4231 et
792 4167 900 4249 gratia
915 4188 923 4245 ;
1222 4169 1349 4231 intrans
1365 4186 1441 4230 curn
1459 4153 1604 4232 laetitia,

812 4289 829 4352 3
1125 4283 1139 4347 -ἶ
1440 4272 1461 4333 6

549 4377 616 4442 Hic
633 4377 665 4441 in
683 4376 775 4441 omni
792 4396 852 4439 sua
869 4375 938 4439 vita
1004 4445 1017 4459 ‚,
1063 4424 1068 4448 ,
1139 4376 1231 4460 ¹..Te
1245 4393 1429 4458 precamur,
1445 4382 1560 4456 pastor
1575 4373 1673 4452 bone,

546 4475 633 4538 vixit
650 4475 735 4537 sicut
751 4473 901 4548 eremita,
951 4469 952 4472 ’
995 4475 997 4480 ’
1096 4525 1114 4544 .,
1165 4481 1272 4548 ,actus
1288 4479 1422 4534 nostros
1438 4471 1484 4533 sic
1501 4490 1666 4553 compone

591 4580 686 4653 pater
703 4569 937 4646 abstinentiae,
1042 4575 1044 4578 ’
1222 4567 1311 4650 quod
1329 4586 1527 4650 spernamus
1543 4567 1634 4644 vitia,

546 4667 774 4750 Desperantes
791 4661 1005 4728 confortabat
1117 4736 1121 4744 ¹
1163 4663 1224 4740 ,Er
1241 4663 1443 4728 mundemur
1457 4683 1477 4726 a
1494 4663 1650 4745 peccatis,

545 4772 579 4828 et
595 4771 742 4827 errantes
757 4753 937 4827 revocabat
1098 4814 1116 4836 „
1170 4769 1210 4850 yet
1226 4759 1377 4823 vivamus
1392 4780 1468 4823 cum
1486 4759 1593 4824 beatis

589 4860 632 4924 ad
649 4859 738 4923 viam
756 4857 911 4922 iustitiae.
983 4847 999 4882 ⁵
1071 4907 1076 4916 .
1223 4855 1408 4932 incaelesti
1424 4857 1540 4940 patria.

537 4998 582 5076 ji
612 4993 700 5048 vitam
714 4993 859 5048 Morinen.
