4094 5796
664 534 805 586 PROSAE
833 539 1036 590 ECCLEsmu
1063 543 1282 594 VCECIENSIS
1568 549 1607 616 13

385 717 399 769 7
414 709 434 757 b
463 707 614 776 monendo,
627 709 762 778 Progem
771 716 922 783 movendo,
934 716 1105 784 Olomucen.;
1120 729 1183 772 tous
1194 720 1267 774 deux
1277 720 1431 775 contraires
1440 738 1475 775 au
1486 724 1608 791 rythmo.

384 783 433 836 8d
464 786 863 861 Specialedaturei,Pr·agen.
890 795 936 848 80
962 796 1104 865 singulare
1115 799 1222 852 donum
1235 801 1297 867 Dei,
1308 800 1438 870 Pragm„
1449 803 1608 858 Olomucetr.

370 877 400 914 ro
411 882 430 915 a
462 864 554 932 legem
570 866 633 934 Dei,
647 868 780 938 Preger„
796 873 954 928 Olomrrcen.

641 1061 671 1130 5.
707 1039 781 1112 ns
812 1042 1037 1120 snucro
1072 1049 1288 1125 mcosso.

652 1246 661 1290 ¹
1272 1256 1290 1319 7

543 1345 758 1414 Gratulemur
917 1377 921 1386 ’
1067 1359 1208 1422 lacobus
1226 1360 1344 1442 plenus
1367 1363 1476 1443 gratia

540 1449 573 1504 et
591 1443 753 1508 laetemur
1061 1455 1119 1517 dat
1138 1455 1221 1537 legis
1238 1457 1441 1533 testimonia,

451 1553 584 1598 summa
601 1559 676 1602 cum
696 1541 833 1620 laetitia,
1066 1551 1098 1612 in
1116 1561 1274 1632 promptu
1293 1563 1386 1616 tenet
1399 1553 1522 1617 omnia.

546 1632 768 1699 Laetabunda
1070 1645 1217 1709 Philetus
1234 1659 1373 1730 stupens
1390 1649 1470 1711 talia

539 1737 572 1790 et
590 1732 734 1795 iocunda
1062 1741 1104 1804 de
1121 1741 1255 1806 Christo
1273 1743 1438 1807 mirabilia

454 1823 600 1902 gaudeat
619 1827 793 1911 Hispania.
1064 1839 1237 1901 revertitur
1253 1840 1295 1900 ad
1313 1840 1456 1921 propria.

648 1963 665 2008 2
1277 1961 1295 2020 8

346 2055 383 2118 ln
405 2059 540 2150 gloriosi
559 2065 672 2130 iacobi
689 2108 731 2117 —
753 2073 970 2157 praefulgenti
1062 2078 1146 2143 Cum
1164 2089 1252 2144 esset
1269 2081 1301 2142 in
1325 2080 1472 2162 hospitio

706 2165 869 2248 [victoria,
1059 2194 1079 2236 a
1097 2176 1259 2257 magistro
1277 2175 1313 2238 fit
1328 2179 1483 2258 quaestio

345 2245 409 2328 Qui
427 2255 592 2318 scandens
616 2259 726 2323 caelos
744 2262 843 2327 hodie
860 2287 971 2330 -co-
1061 2272 1207 2352 quaesit
1225 2271 1338 2334 Iacobi
1360 2273 1455 2348 ratio,

597 2353 749 2436 [ronatur
762 2360 794 2422 in
811 2361 925 2442 gloria.
1061 2365 1151 2428 Data
1169 2366 1229 2430 luit
1253 2368 1426 2449 responsio

640 2493 656 2556 3
1059 2481 1146 2544 quae
1162 2474 1250 2526 esset
1268 2464 1474 2544 praedicatio

386 2583 543 2666 Quicum
561 2595 696 2657 essetin
718 2597 781 2661 hoc
803 2604 938 2678 mundo,
1060 2556 1111 2619 vel
1130 2559 1192 2620 sub
1209 2579 1276 2640 quo
1298 2569 1500 2622 testlmomo'

385 2694 544 2765 tanquam
564 2691 664 2752 maris
682 2693 713 2755 in
733 2696 901 2776 profundo

427 2781 623 2860 praedicans
642 2785 830 2868 incredulis,
1273 2764 1294 2825 9

384 2871 501 2955 Fidem
521 2877 665 2946 Sanctae
682 2883 857 2950 Trinitatis

384 2989 479 3032 verus
496 2993 617 3054 praeco
634 2981 784 3044 veritatis

426 3071 603 3135 nuntiabat
620 3075 762 3157 populis

1080 2925 1095 2952 “
1117 2922 1262 2984 Messiae
1280 2923 1466 2988 incarnatio

1079 3027 1113 3080 et
1130 3017 1193 3080 sub
1210 3017 1318 3081 Pilato
1336 3020 1447 3100 passio

1078 3124 1155 3176 sunt
1172 3113 1316 3195 apostoli
1342 3115 1436 3178 ratio.

633 3222 654 3282 4
1080 3210 1125 3272 Et
1141 3209 1266 3273 Christi
1284 3210 1490 3286 resurrecti0‚

382 3311 528 3395 Quidam
548 3339 665 3402 magus
685 3325 965 3410 Hermogenes-
1081 3305 1243 3414 mirabilis
1261 3325 1412 3414 ascensio
1437 3401 1444 3414 ι

453 3411 563 3493 [suum
582 3419 672 3483 misit
689 3423 890 3506 discipulum
1078 3409 1156 3508 sunt
1174 3421 1244 3463 erus
1263 3401 1476 3482 praedicatio.

340 3501 387 3567 Ut
397 3513 541 3572 tentaret
552 3515 742 3593 apostolum
761 3557 803 3568 -
818 3524 875 3604 qui
886 3545 964 3588 con·

566 3605 732 3688 [vertebat
749 3615 920 3696 populum.
1261 3599 1297 3644 ¹⁰

640 3747 653 3811 5
1078 3756 1141 3817 Del
1158 3756 1239 3818 dicit
1265 3753 1442 3837 magnalia,

378 3839 462 3904 Cum
482 3844 625 3912 lacobus
641 3851 807 3917 Zebedaei
1076 3851 1314 3933 prophetarum
1333 3851 1511 3933 praeconia
1614 3913 1616 3919 Α

375 3939 581 4015 praedicaret
599 3947 735 4010 verbum
756 3950 818 4014 Dei
1073 3947 1449 4025 ducitisslefltfm0n123

463 4033 611 4100 Philetus
629 4041 784 4108 interfuit.
1077 4043 1120 4105 Et
1142 4043 1249 4105 David
1267 4044 1426 4106 vaticinia

377 4125 474 4190 Falsa
490 4140 599 4197 tentat
616 4157 762 4202 asserere
1075 4148 1152 4202 sunt
1169 4138 1215 4201 illi
1233 4138 1494 4202 concordantia:

374 4230 407 4283 et
424 4223 549 4290 Iacobo
566 4232 718 4296 resistere
1073 4235 1266 4296 memoriter
1281 4235 1343 4298 scit
1360 4233 1482 4296 omnia.

462 4323 520 4385 sed
537 4326 675 4390 tandem
693 4329 849 4413 desipuit.

629 4447 650 4508 6
1259 4421 1292 4466 11

528 4550 573 4613 Et
590 4552 747 4618 nimirum
1051 4567 1337 4635 Etdicuntamici
1356 4574 1440 4637 mei:

526 4647 590 4710 Dei
612 4651 717 4714 virum
1048 4665 1223 4744 apostolus
1241 4667 1295 4730 ille
1313 4667 1377 4731 Dei

439 4738 550 4804 fallere
568 4763 634 4806 non
653 4747 773 4826 potuit,
1046 4779 1123 4821 vere
1141 4771 1291 4826 mortuos
1307 4766 1458 4830 suscitat.

526 4837 689 4903 Rationes
1049 4851 1159 4937 Saepe
1172 4877 1247 4920 cum
1264 4857 1327 4921 sibi
1345 4859 1442 4924 libuit

524 4945 558 4997 et
573 4955 744 5002 sermones
1045 4947 1173 5013 claudis
1188 4972 1321 5034 gressus
1346 4957 1500 5034 restituit,

439 5027 531 5090 cuius
545 5049 612 5093 non
626 5033 792 5099 sustinuit.
1045 5046 1154 5107 caecis
1170 5048 1278 5110 visum
1295 5051 1499 5132 suppeditat.
1523 5055 1539 5080 ''
