4102 5790
610 501 753 555 PROSAE
780 502 984 555 ECCLESIAE
1011 504 1269 556 LINGONENSIS
1494 499 1562 574 127

345 699 361 752 9
381 669 489 738 Nostra
501 678 692 751 redemptioni
707 678 740 749 (l)
754 681 792 736 A.
825 682 919 737 Toute
932 691 1007 738 cette
1020 682 1146 737 clausule
1158 691 1202 737 est
1220 680 1332 751 ajoutee
1351 698 1385 736 en
1408 699 1506 751 marge
1520 699 1571 752 par

310 780 365 818 une
377 761 454 818 main
467 761 651 834 posterieure,
661 761 699 814 du
712 759 762 814 xiie
772 761 861 817 siecle
874 762 1103 832 probablement.
1133 778 1202 816 vera
1214 762 1350 814 Forum.

348 859 380 898 ro
401 844 531 898 Intentus
553 839 587 910 (l)
612 841 649 895 A.
663 839 741 895 CSS.
770 842 914 897 Intentum
936 841 969 910 (l)
991 843 1026 896 B.
1060 840 1185 896 Intentio
1203 840 1510 908 (I)Brt’acen.Eduen.
1542 839 1571 894 in

311 939 448 993 supernos
463 921 638 977 Caneracen.
665 920 703 974 ad
723 937 846 991 superna
865 921 1020 994 Lingonen.
1046 929 1125 992 patet
1138 919 1210 975 caeli
1223 920 1286 974 LD.
1301 920 1359 975 CB.
1370 920 1571 991 Rathomagen.

317 1003 467 1057 Va‘rdunen.

349 1081 619 1148 11·14Henderson
644 1079 696 1134 fait
721 1097 903 1135 commencer
922 1081 963 1134 les
984 1080 1125 1134 clausules
1146 1097 1198 1150 par
1218 1080 1260 1134 les
1285 1090 1378 1135 mots:
1394 1079 1570 1152 Dixitque...

314 1161 389 1217 Ecce
403 1161 459 1216 Dei
470 1203 535 1218 ......
550 1162 645 1231 Atque
660 1160 796 1215 lesum
823 1161 861 1215 Et
875 1177 939 1214 cum
996 1160 1077 1214 Dans
1092 1177 1097 1214 :
1111 1176 1144 1213 ce
1157 1158 1205 1230 qui
1219 1169 1311 1230 rompt
1325 1161 1351 1214 le
1364 1160 1483 1229 rythme.

352 1255 390 1296 12.
411 1242 502 1297 Sacra
510 1243 616 1312 plenus
624 1241 727 1310 gratia
739 1257 864 1310 manque
886 1240 959 1294 dans
977 1239 1143 1310 Linguam,
1156 1255 1173 1292 a
1195 1239 1241 1293 ete
1254 1239 1348 1309 ajoute
1361 1257 1397 1296 en
1410 1257 1517 1310 merge,
1538 1257 1574 1295 au

313 1321 361 1375 niie
370 1321 464 1391 sidcle,
477 1321 550 1376 dans
563 1322 600 1374 Α.
1133 1384 1136 1390 Ι

352 1415 383 1470 13
404 1399 570 1456 Claritatem
590 1397 728 1468 fulgidam
741 1399 805 1455 LD.
835 1399 973 1468 fulgidam
987 1399 1042 1454 C.I.
1057 1399 1117 1452 LG.
1139 1399 1266 1453 Bn'ocen.
1292 1398 1445 1453 Virduuen.
1463 1401 1575 1454 Fontis·

316 1480 455 1536 ebralden.
481 1480 565 1534 ad....
575 1479 722 1534 dextoram
742 1479 798 1534 CB.
812 1480 941 1534 Briacen.
968 1479 1014 1532 On
1027 1478 1059 1533 lit
1072 1478 1124 1532 ala
1138 1477 1210 1533 suite
1220 1477 1256 1532 de
1270 1487 1344 1533 cette
1356 1479 1490 1548 clausule,
1503 1480 1575 1534 dans

315 1560 341 1614 le
360 1559 460 1615 Missel
472 1561 509 1614 de
532 1561 658 1629 Langres
675 1576 681 1614 :
696 1576 803 1630 magna
824 1577 887 1614 cram
902 1559 1041 1629 potentia.
1066 1560 1148 1612 Cette
1168 1557 1380 1628 interpolation,
1398 1560 1517 1614 absente
1539 1560 1576 1614 de

316 1651 378 1695 tous
390 1641 432 1696 les
445 1639 617 1696 manuscrits
631 1639 801 1710 importants
815 1639 875 1694 doit
894 1639 953 1694 etre
966 1637 1081 1709 rejetee.

353 1735 384 1786 14
403 1721 441 1774 Et
454 1737 519 1774 cum
531 1718 685 1772 Eboracen.
714 1719 786 1773 Cum
799 1719 927 1773 audisset
940 1719 1001 1773 LG.

354 1813 392 1868 ¹5·
412 1801 514 1854 Exstat
527 1799 607 1853 A.H.
638 1799 739 1852 adorat
754 1797 834 1866 (!)A.
866 1809 894 1853 et
907 1815 993 1852 orans
1004 1797 1179 1853 B.D.E.F.I.
1211 1798 1258 1852 Ne
1275 1797 1317 1852 eis
1332 1797 1409 1852 CSS.
1424 1798 1577 1854 Eboraccn.

316 1871 514 1942 Rothamagen.
558 1870 673 1925 noxiam
698 1869 759 1924 LG.
795 1886 884 1924 noxas
906 1869 1014 1924 A.B.C.
1029 1871 1185 1939 Langonan.
1228 1870 1341 1939 suscipe
1372 1869 1407 1924 G.
1446 1869 1577 1940 spiritum

315 1967 408 2005 meum
418 1951 479 2005 LG.
490 1951 566 2005 CSS.
581 1951 728 2004 Beluacen.
744 1950 918 2004 cameracen.
934 1949 1122 2004 catalaunen.
1136 1948 1289 2003 Eboracen.
1310 1949 1451 2005 contraire
1472 1951 1490 2004 a
1511 1951 1573 2006 l'as·

318 2047 577 2165 smtlgnt‘ilddormivit
590 2109 618 2164 in
634 2108 760 2164 Domino
774 2109 836 2164 LG.
853 2109 1002 2164 Balaacea

358 2204 387 2257 17
408 2191 513 2246 Overe
525 2190 608 2245 nobis
621 2199 728 2259 martyr
740 2189 894 2244 D.E.F.K.
935 2189 1016 2244 Cette
1035 2188 1163 2243 variante
1182 2205 1198 2242 a
1223 2188 1249 2243 le
1274 2197 1330 2243 tort
1356 2188 1393 2244 de
1413 2205 1528 2260 rompre
1554 2190 1580 2246 le

322 2271 438 2339 rythme.
471 2271 514 2324 Tu
528 2287 559 2326 es
577 2269 703 2327 A.H.M.
735 2269 779 2323 Tu
788 2269 871 2338 nobis
883 2269 1035 2324 Eboracen.
1050 2281 1124 2338 1517.
1151 2278 1257 2338 martyr
1268 2269 1412 2340 Stephane
1423 2270 1461 2324 Α.
1487 2269 1580 2341 Apres

325 2360 397 2406 cette
410 2351 535 2406 clausule
548 2367 585 2405 on
598 2349 631 2404 lit
644 2349 718 2404 dans
731 2349 886 2420 Lingonen.
899 2350 1014 2406 :Amen
1027 2347 1124 2403 dicant
1137 2347 1241 2403 omnia

457 2567 514 2640 82.
547 2557 622 2637 DE
653 2563 691 2639 S.
725 2559 997 2638 ΙΟΗΑΝΝΕ
1028 2561 1444 2638 EVANGELISTA.

630 2773 642 2819 1
1256 2775 1279 2836 4

543 2876 767 2940 Exsultemus
1044 2875 1112 2939 Hic
1129 2877 1252 2959 estqui
1270 2877 1421 2940 recubuit

584 2971 754 3037 solventes
1042 2992 1142 3055 supra
1158 2981 1275 3054 pectus
1293 2973 1441 3052 Domini,

498 3068 638 3133 deorum
656 3069 732 3133 Deo
1173 3068 1253 3132 dum
1272 3067 1308 3133 fit
1324 3089 1445 3149 coena;

542 3166 598 3248 pia
613 3175 693 3229 vota
708 3186 716 3244 ;
1046 3163 1112 3227 Hic
1129 3173 1180 3228 est
1196 3165 1253 3247 qui
1270 3165 1437 3248 perhibuit

543 3259 654 3343 Quem
673 3261 842 3325 Iohannes
965 3319 970 3329 ,
1044 3258 1179 3324 Christo
1196 3261 1389 3324 testimonia

586 3356 717 3434 dilexit,
1172 3375 1259 3439 quae
1275 3367 1352 3420 sunt
1369 3377 1456 3422 vera.

499 3471 640 3516 manens
657 3454 688 3516 in
707 3452 760 3516 Eo

544 3558 658 3612 mente
673 3557 755 3614 tota.

1264 3502 1279 3568 5

1048 3605 1139 3669 Inter
1155 3605 1253 3668 huius
1269 3605 1334 3669 alia

633 3695 652 3741 ²
1046 3703 1208 3764 virtutum
1226 3702 1378 3785 insignia,

416 3789 536 3857 Omnis
551 3793 655 3856 homo
671 3793 805 3858 studeat
1045 3808 1172 3881 quanta
1189 3797 1251 3862 suit
1267 3800 1385 3881 gratia,

416 3895 458 3957 ad
478 3893 639 3958 Iohannis
655 3894 779 3976 gaudia
1177 3913 1277 3976 quam
1296 3894 1468 3957 miranda!

547 3990 756 4068 celebranda,
1050 3988 1139 4052 Huic
1157 3990 1246 4052 enim
1263 3989 1401 4066 homini,

419 4083 521 4150 Cuius
537 4086 627 4168 apud
644 4085 830 4149 Dominum
1047 4109 1092 4152 ex
1108 4098 1288 4172 praecepto
1306 4088 1455 4166 Domini,

419 4182 515 4248 nobis
532 4193 611 4248 sunt
627 4182 754 4246 auxilia
1048 4184 1143 4267 virgo
1159 4185 1258 4248 datur
1273 4183 1394 4268 virgini

548 4277 760 4362 postulanda.
1179 4281 1417 4346 conservanda.

623 4447 625 4452 -
1268 4412 1289 4473 6

423 4515 488 4580 Hic
505 4525 583 4600 post
599 4422 769 4583 Ch3ristum
784 4517 875 4598 abiit,
1095 4519 1126 4586 O
1144 4521 1226 4585 felix
1242 4521 1364 4605 aquila,

421 4612 587 4676 derelictis
603 4613 737 4690 retibus,
1091 4617 1210 4683 volans
1226 4620 1269 4684 ad
1285 4620 1418 4698 caelica,

551 4709 628 4772 navi
644 4719 773 4791 spreta3
1027 4715 1118 4778 dona
1134 4716 1275 4798 suscipis
1291 4716 1464 4798 angelica3

424 4801 962 4888 Linquenssponsam‚Dominum
1096 4809 1275 4876 Caelorum
1291 4812 1408 4876 abdita

423 4899 577 4964 castitate
592 4901 743 4983 sequitur
1095 4909 1187 4989 prIus
1203 4908 1409 4986 abscondita,

553 4995 748 5078 praeelecta
1030 5011 1089 5067 tuo
1105 5005 1265 5087 dogmate
1281 5013 1360 5068 sunt
1376 5004 1519 5088 cognita.
