4108 5794
584 503 726 558 rnosns
754 505 957 560 uccensmn
983 509 1267 562 nunnunrnusrs
1474 491 1546 581 289

914 705 949 751 11

663 823 741 908 Quo
757 826 933 909 possimus,
949 827 1031 910 Ipso
1046 828 1141 907 duce,

661 942 737 985 cum
754 921 890 1005 Agnete
906 922 969 986 srui
985 922 1059 988 luce

704 1038 764 1100 per
779 1019 849 1082 eius
865 1017 1043 1102 suffragia;

662 1113 712 1178 Ut
728 1133 804 1178 cum
821 1115 894 1197 ipsa
910 1135 1010 1198 super
1025 1115 1145 1194 caelos

660 1211 717 1274 ubi
733 1209 832 1274 dulce
849 1220 947 1274 sonat
964 1211 1079 1289 melos,

703 1317 898 1372 cantemus:
915 1307 1072 1372 Alleluia.

424 1567 503 1638 188.
537 1564 595 1639 ΙΝ
630 1563 1076 1638 PVRlFlCATlONE
1109 1563 1151 1637 B.
1173 1565 1406 1640 MARIAE.

317 1840 339 1884 1.
364 1820 485 1886 Castae
501 1830 534 1884 et
551 1822 763 1903 incorruptae
780 1840 967 1904 pangamus
986 1822 1114 1884 Mariae
1131 1821 1243 1898 iubila,

311 1964 338 2010 2.
362 1945 459 2030 Quae
473 1949 545 2012 sine
561 1969 721 2032 corporea
736 1948 866 2032 peperit
882 1947 1052 2014 Christum
1072 1951 1211 2027 macula,

313 2059 340 2122 3.
363 2043 524 2127 Alloquia
540 2044 675 2108 credula
691 2044 875 2128 suscipiens
891 2046 1051 2128 angelica.

309 2197 338 2258 4
365 2177 478 2242 Hodie
494 2178 603 2242 sidera
620 2177 778 2242 melliflua
794 2179 989 2262 persolvunt
1007 2177 1082 2243 Deo
1098 2180 1250 2258 cantica;

313 2289 338 2355 5.
364 2274 500 2338 Etenim
517 2275 631 2339 omnia
649 2285 728 2338 sunt
744 2275 878 2358 prodita
894 2275 1068 2340 videntum
1085 2277 1253 2342 vaticinia.

310 2406 340 2470 6.
362 2405 468 2489 Virgo
485 2406 560 2471 Deo
576 2407 715 2490 gravida
731 2427 818 2471 nova
834 2407 894 2471 dat
909 2406 1043 2471 saeculo
1060 2407 1239 2472 miracula:

312 2517 338 2581 7.
364 2502 526 2566 Maiestas
542 2502 700 2568 omnifica
715 2502 798 2568 latet
814 2503 902 2567 intra
918 2503 1063 2568 claustra
1078 2505 1265 2568 tenerrima.

312 2635 339 2696 8.
365 2633 453 2697 Nam
470 2631 590 2697 deifica
605 2643 756 2717 potestas
772 2643 873 2717 atque
893 2643 1021 2712 natura,
1036 2634 1152 2697 volens
1168 2634 1304 2718 agmina
1321 2633 1547 2716 redintegrare

419 2730 576 2793 caelestia
592 2731 817 2813 superbiendo
832 2731 1025 2813 depravata,

311 2842 341 2904 9.
365 2825 443 2889 Non
459 2825 598 2890 auriflua
615 2827 826 2909 praeoptavit
850 2825 984 2908 palatia,
1009 2825 1068 2889 sed
1095 2826 1243 2908 virginea
1268 2825 1370 2908 elegit
1387 2825 1547 2904 membra,

419 2921 567 2986 castifico
583 2923 691 2987 virore
707 2921 928 2986 delectabilia.

292 3069 336 3118 10.
362 3051 507 3117 Exsulta
523 3053 599 3130 iarn,
616 3051 759 3116 candida
776 3060 882 3114 mater
898 3059 931 3114 et
941 3070 1065 3134 sponsa
1075 3071 1160 3128 cara,
1174 3060 1206 3115 et
1219 3051 1367 3135 perfecta
1379 3052 1546 3132 columba,

292 3170 337 3217 11.
362 3150 502 3236 Virgula
519 3153 692 3230 Dauidica,
707 3153 801 3215 cuius
814 3149 932 3214 florida
949 3165 1119 3228 nunquam
1138 3157 1320 3212 marcescet
1336 3150 1501 3232 prosapia

292 3302 337 3351 1·2.
362 3285 507 3350 Excelsa
531 3307 632 3370 supra
657 3285 767 3349 sidera
794 3285 902 3366 Virgo
926 3280 1018 3359 sola;
1034 3288 1173 3363 stupent
1194 3289 1284 3345 astra
1309 3283 1484 3362 matutina,
1510 3291 1545 3348 te

417 3401 536 3464 supera
554 3390 754 3445 venerantur
769 3379 946 3443 luminaria
960 3401 968 3458 ;

293 3494 337 3558 13.
364 3475 499 3541 lnserna
515 3488 663 3542 tremunt
676 3487 811 3554 tartara,
820 3477 887 3540 cito
903 3477 1062 3559 praedam
1079 3494 1181 3559 quam
1198 3485 1356 3558 ceperant
1372 3477 1545 3556 amissura,

334 3609 338 3619 ·
418 3595 462 3636 ex
479 3595 546 3658 quo
563 3584 677 3639 nostra
695 3574 824 3639 Sathan
842 3573 990 3655 corrupit
1006 3571 1197 3654 primordia.

293 3721 338 3784 14.
364 3705 426 3769 Eia
443 3714 476 3769 et
488 3707 549 3782 eia,
566 3707 677 3770 Mater
693 3715 795 3784 casta,
811 3706 957 3788 propitia
973 3714 1046 3768 esto
1061 3703 1207 3768 vernulis
1220 3724 1279 3786 per
1296 3703 1438 3782 saecula,

293 3814 338 3880 15.
362 3799 429 3884 Qui
445 3811 479 3865 te
494 3804 617 3867 devota
633 3810 667 3866 et
683 3821 806 3865 canora
822 3800 1058 3864 concelebrant
1075 3800 1276 3862 unanimiter
1291 3800 1502 3883 symphonia.

293 3933 337 3995 16.
361 3931 412 3996 Te
428 3931 552 4015 lingua,
568 3943 601 3997 te
618 3933 812 4016 praecordia
829 3931 969 3996 laudant
986 3931 1103 3994 intima
1118 3953 1125 4009 ;

293 4077 338 4142 17.
364 4062 479 4126 Exora
496 4063 561 4125 iam
579 4083 639 4144 pro
657 4063 810 4125 universa
825 4061 887 4124 tibi
903 4059 1113 4125 consolidata
1130 4059 1257 4124 Sancta
1276 4061 1434 4124 Ecclesia.

289 4253 517 4382 Lpdanusorlt.
540 4249 710 4304 Lonorius:
730 4249 804 4304 Mus.
817 4249 898 4314 Brit.;
913 4247 992 4302 Harl.
1003 4247 1081 4317 2961,
1097 4245 1239 4301 Breviaire
1250 4247 1457 4316 d’Exeter,vers
1466 4262 1475 4300 r
1484 4262 1542 4318 roo,

324 4476 335 4516 1
356 4461 667 4516 canamusAtrebaten.
710 4461 798 4517 iubila
820 4462 931 4517 Mariae
946 4461 1010 4516 LA.
1029 4461 1192 4518 Atrebalen.
1225 4461 1415 4516 L’assonance
1439 4459 1547 4516 semble

288 4542 381 4612 exiger
393 4541 598 4597 l'interversion
611 4541 647 4596 de
657 4557 704 4596 ces
714 4541 788 4597 deux
800 4551 883 4597 mots.

322 4623 339 4676 8
357 4621 529 4691 reintegrare
539 4621 701 4677 Atrebaten.

322 4717 339 4769 9
357 4701 473 4757 aurifica
485 4701 646 4756 Atrebatem

309 4795 336 4835 rr
357 4781 505 4836 marcessit
518 4781 680 4835 Atrebatem

282 4851 285 4859 ’
310 4875 339 4914 12
357 4879 442 4933 supra
454 4870 625 4916 venerantur
637 4860 800 4916 Atrebatem

283 4933 285 4938 ’
311 4953 341 5008 13
360 4959 393 4996 ex
407 4957 463 5013 qua
475 4940 540 4995 LA.

312 5034 341 5090 15
362 5023 399 5076 Et
413 5032 441 5078 te
454 5021 558 5077 devota
570 5019 733 5076 Atrebatem
766 5019 967 5092 symphoniam
981 5019 1044 5073 LA.
