4116 5784
634 516 774 567 mosne
803 519 1006 569 sccunsma
1034 519 1356 572 smvnuscrnusrs
1552 502 1622 593 385

410 779 517 845 Caesa
532 781 646 844 cervix
662 709 736 848 ‹lrat
752 791 881 866 patrem

410 887 594 961 reportetur
610 888 647 944 ut
663 881 705 944 ad
724 889 875 958 matrem,

450 977 492 1040 ad
510 977 581 1040 eius
598 975 719 1042 solatia
739 998 746 1056 ;

407 1074 481 1137 Tua
496 1074 610 1152 virtus,
628 1074 703 1138 lesu
721 1075 816 1152 bone,

407 1170 495 1253 quod
512 1171 559 1234 sic
575 1181 680 1234 certat
698 1172 731 1234 in
748 1191 856 1254 agone

449 1269 612 1332 novennis
628 1267 778 1334 infantia.

1300 700 1319 760 8

1040 785 1084 848 Et
1101 793 1147 864 tu,
1163 793 1290 868 martyr
1306 785 1458 868 pretiose,

1037 901 1137 964 quem
1154 891 1330 946 vernantes
1346 891 1467 946 ornant
1484 903 1587 962 rosae,

1081 978 1290 1042 circumdant
1307 987 1341 1042 et
1358 977 1435 1056 lilia,

1038 1074 1218 1158 lnterpella
1233 1095 1402 1139 summum
1420 1076 1550 1158 Regem

1036 1180 1073 1236 ut
1088 1179 1263 1236 conservet
1280 1171 1387 1237 Suum
1403 1192 1539 1255 gregem

1080 1277 1114 1332 et
1129 1277 1267 1332 coronet
1282 1267 1396 1350 gloria.

402 1424 611 1476 Manusorlts.
634 1419 730 1474 Purus
744 1437 750 1474 :
772 1419 844 1474 Bibl.
860 1421 887 1474 S.
900 1419 1070 1487 Genevieve‚
1083 1420 1105 1473 lb
1119 1421 1194 1472 BBL
1206 1435 1244 1488 11,
1265 1421 1364 1474 Missel
1377 1419 1414 1475 de
1428 1419 1529 1488 Senlis,
1543 1418 1623 1489 pitce

367 1499 513 1553 transcrite
526 1516 562 1554 au
575 1498 633 1554 xiv⁶
641 1499 736 1568 siecle,
753 1499 782 1554 U
783 1518 800 1564 ,·
828 1499 916 1566 Idem,
932 1498 1031 1554 Missel
1045 1499 1081 1554 de
1095 1498 1197 1567 Senlis‚
1211 1506 1258 1553 nve
1265 1498 1359 1568 siecle,
1374 1499 1402 1554 V.

401 1641 416 1680 2
430 1633 444 1682 i
473 1637 502 1683 et
514 1627 607 1697 gratia
625 1629 654 1684 V.
668 1629 857 1683 Silvanectcn.

400 1720 416 1774 3
429 1712 450 1761 b
481 1708 509 1762 in
523 1707 648 1762 minimis
667 1709 695 1764 V.
705 1708 894 1762 Silvaneclen.
908 1707 1049 1763 contraire
1062 1725 1098 1762 au
1112 1708 1230 1777 rythme.
1254 1713 1303 1763 de
1323 1707 1435 1763 tenellis
1448 1707 1578 1764 leonibus
1595 1708 1624 1761 V.

368 1784 552 1842 Silvanectum

400 1871 450 1930 td
482 1867 539 1922 veri
556 1867 744 1921 Silvanecten.

402 1962 415 2014 5
429 1953 442 2000 l
473 1946 502 2000 in
516 1945 651 2001 virtutum
665 1947 853 2000 Silvanecten.

400 2027 445 2082 8e
475 2036 554 2083 tuum
567 2042 684 2096 gregem
703 2025 734 2080 U.

443 2263 524 2336 270.
556 2242 632 2316 DE
663 2241 733 2316 SS.
755 2241 1022 2314 CRISPINO
1055 2240 1127 2312 ET
1156 2239 1541 2314 CRISPINIANO.

670 2443 682 2490 1

408 2537 563 2620 Diligens
578 2557 663 2620 quos
680 2547 713 2602 et
730 2538 762 2600 in
781 2536 845 2600 fide

407 2633 593 2699 Germanos
609 2643 643 2697 et
659 2634 692 2696 in
708 2653 838 2716 genere,

667 2759 685 2806 2

409 2847 574 2912 Passionis
590 2855 692 2910 testes
709 2865 788 2910 suae

406 2941 497 3007 Deus
513 2951 610 3006 ornat
625 2941 726 3006 hodie

532 3037 619 3101 stola
635 3037 771 3121 gloriae,

405 3134 582 3216 Tanquam
599 3153 716 3197 aurum
734 3133 846 3197 nobile

402 3233 559 3296 decoctos
575 3231 609 3295 in
626 3231 760 3295 fornace

531 3327 713 3412 patientiae
726 3347 735 3406 ;

665 3459 682 3522 3
734 3445 739 3455 .

535 3545 630 3630 Quos
646 3565 706 3609 nec
723 3545 785 3610 sub
801 3565 880 3608 ense

577 3643 677 3706 timor
693 3659 820 3724 poenae

1044 2491 1050 2505 ,
1079 2425 1188 2506 potuit
1204 2423 1364 2500 evincere,

1166 2516 1233 2601 Qui
1250 2518 1321 2600 pari
1339 2524 1451 2580 mente

1209 2634 1268 2694 spe
1284 2632 1428 2676 coronae

1078 2708 1279 2772 dimicarunt
1295 2717 1430 2772 strenue
1445 2729 1452 2785 ;

1293 2864 1315 2924 4

1078 2985 1151 3048 Hos
1169 2985 1234 3046 iam
1251 2984 1373 3066 dignos
1390 2985 1502 3067 requie

1077 3080 1159 3142 Dux
1176 3078 1272 3142 huius
1290 3079 1429 3143 militiae

1161 3183 1299 3239 vocatos
1315 3175 1358 3238 ad
1375 3195 1411 3238 se

1161 3270 1337 3353 adscripsit
1353 3271 1455 3354 digne

1295 3420 1310 3487 5

1167 3544 1205 3607 ln
1223 3543 1307 3606 libro
1323 3543 1412 3606 vitae

1078 3659 1153 3702 cum
1171 3637 1387 3721 diligentibus
1405 3639 1457 3703 Se.

396 3794 585 3846 Manusorlt.
609 3787 815 3844 PAR182Bibl.
840 3783 1049 3853 S.Genevleve,
1071 3785 1179 3838 uBBL
1193 3800 1232 3854 11,
1259 3784 1358 3839 Missel
1384 3783 1420 3838 de
1443 3785 1545 3854 Senlis,
1571 3787 1617 3838 xve

360 3869 453 3941 siecle,
472 3873 501 3927 V.

576 4029 656 4101 ²7¹·
690 4009 766 4082 DE
795 4005 1021 4083 SANCTA
1053 4003 1412 4078 KATHERINA.

448 4278 523 4342 Hac
541 4279 574 4342 in
591 4279 646 4342 die
661 4277 782 4342 celebri

445 4372 581 4438 Christo
597 4373 683 4456 Regi
699 4372 826 4454 gloriae

446 4477 541 4533 sonet
557 4489 625 4533 vox
644 4468 814 4532 Ecclesiae
833 4490 841 4546 ;

664 4589 682 4635 2

448 4685 654 4750 Katherinae
670 4683 825 4748 laudibus

448 4789 581 4845 nostrae
596 4781 684 4844 votis
699 4779 835 4862 paribus

447 4883 649 4958 concrepent
666 4875 831 4940 melodiae
850 4897 858 4955 ;

451 4971 604 5038 Iunctam
620 4970 701 5036 caeli
719 4970 845 5035 civibus

1077 4170 1164 4234 votis
1181 4181 1282 4252 atque
1299 4171 1435 4235 vocibus

1076 4266 1305 4330 collaudemus
1321 4266 1429 4332 hodie.

1077 4405 1317 4554 Exclamemu3s
1334 4491 1447 4574 itaque

1076 4597 1110 4652 et
1125 4596 1299 4652 accurrant
1317 4589 1464 4672 undiquc

1075 4703 1192 4746 omnes
1209 4682 1290 4758 Sion
1309 4683 1403 4747 filiae.

1076 4777 1130 4842 Sit
1146 4778 1179 4840 in
1197 4777 1321 4842 Christi
1339 4779 1475 4842 nomine

1076 4875 1166 4957 quod
1183 4895 1245 4957 pro
1261 4883 1356 4940 tanta
1372 4875 1500 4958 virgine

1075 4990 1144 5033 vox
1161 4977 1260 5033 sonat
1275 4968 1430 5048 laetitiae.
