4116 5784
570 541 711 590 PROSAE
739 537 942 589 ECCLESIAE
969 535 1280 586 BVRDEGALENSIS
1483 533 1555 607 395

366 787 446 874 276.
479 779 555 854 DE
587 777 788 852 BEATlS
818 775 1132 852 SORORIBVS
1161 771 1485 850 GLORIOSAE

790 903 1063 982 VIRGlNlS.

603 1191 614 1236 1
1229 1171 1250 1231 6

340 1329 471 1393 Laudes
489 1327 623 1392 Christo
638 1312 864 1401 decantemus,
969 1325 1121 1407 Sequens
1138 1333 1189 1387 est
1208 1323 1321 1386 lacobi
1340 1331 1446 1385 mater

338 1425 481 1507 hymnos
498 1424 613 1488 dulces
628 1443 845 1506 personemus
968 1421 1024 1502 qui
1041 1421 1163 1484 dicitur
1179 1419 1303 1484 Christi
1320 1417 1421 1480 frater

380 1521 508 1583 Mariae
525 1519 715 1598 sororibus;
1011 1517 1044 1578 in
1061 1513 1280 1578 'similitudine
1297 1533 1304 1592 ;

338 1616 520 1680 lubilemus
537 1616 588 1678 his
606 1615 766 1678 matronis
923 1611 1045 1695 loseph
1063 1612 1177 1687 iustus,
1195 1610 1312 1676 Simon
1327 1619 1360 1673 et
1373 1609 1554 1672 Thadaeus

336 1732 421 1794 quae
437 1711 590 1775 fruuntur
605 1709 688 1774 caeli
705 1712 803 1774 donis
921 1731 965 1774 ex
983 1711 1045 1774 hac
1061 1708 1170 1785 simul,
1181 1716 1336 1790 paterest
1349 1705 1532 1789 Alphaeus,

378 1827 453 1870 cum
471 1807 622 1890 supernis
638 1807 773 1870 civibus.
1008 1826 1103 1868 sacro
1119 1806 1268 1888 gaudent
1286 1804 1432 1868 numine.

594 2002 613 2048 2
1226 1947 1245 2012 7

966 2061 1160 2126 Zebedaeus
1176 2082 1220 2123 ex
1237 2059 1312 2137 alia,

337 2147 425 2210 Istae
441 2147 528 2210 duae
544 2156 622 2209 sunt
639 2166 767 2208 sorores
965 2157 1126 2222 Iacobum
1144 2159 1186 2221 de
1204 2155 1343 2233 Ganga,

334 2241 450 2304 stellae
466 2241 577 2317 maris,
593 2251 627 2304 et
643 2252 721 2304 sunt
737 2240 842 2315 fiores,
965 2253 1134 2317 lohannes
1150 2252 1226 2314 huic
1243 2251 1377 2314 additur
1391 2271 1398 2328 3

306 2407 309 2414 .
376 2357 474 2420 pares
491 2337 561 2420 pasl
577 2337 735 2414 ”Omissei
964 2348 1040 2412 Hae
1056 2358 1134 2410 sunt
1151 2355 1274 2410 matres
1291 2345 1444 2428 egregiae

334 2432 423 2495 Nam
442 2432 570 2495 Mariae
586 2440 664 2494 sunt
679 2441 826 2508 limatae,
961 2454 996 2508 et
1011 2455 1088 2508 sunt
1105 2444 1228 2508 Annae
1245 2453 1310 2505 tres
1327 2441 1437 2505 filiae:

334 2527 426 2610 prole
443 2537 559 2590 sancta
576 2536 653 2589 sunt
669 2528 815 2604 dotatae,
1006 2541 1053 2603 sic
1070 2540 1213 2603 secunda
1229 2538 1386 2602 redditur,

378 2623 497 2706 plenae
515 2623 641 2688 Sancto
659 2623 819 2687 Flamine.
1225 2669 1244 2729 3

594 2805 611 2867 3
965 2795 1040 2856 Hae
1057 2813 1186 2856 sorores
1202 2813 1278 2856 cum
1296 2791 1405 2856 Maria

962 2888 1176 2970 Magdalena,
1194 2897 1306 2951 mente
1322 2889 1386 2970 pia,

1004 2985 1103 3049 valde
1119 3005 1217 3047 mane
1234 2985 1373 3047 veniunt

962 3081 1125 3145 Dolentes
1141 3081 1183 3143 ad
1202 3087 1469 3156 monumentum,

960 3189 994 3242 et
1010 3198 1122 3241 secum
1141 3177 1250 3241 serunt
1267 3187 1475 3258 unguentum
1493 3197 1501 3254 ;

1004 3273 1173 3338 Christum
1192 3292 1258 3335 non
1276 3272 1471 3336 inveniunt:

336 2940 400 3004 His
416 2943 547 3005 duabus
563 2943 666 3004 Anna
684 2952 798 3017 mater,

331 3037 388 3100 sed
406 3057 472 3100 non
490 3037 551 3100 fuit
569 3057 653 3100 unus
669 3047 765 3119 pater

373 3151 448 3194 cum
468 3132 575 3195 Maria
592 3133 755 3215 Virgine;

332 3225 419 3289 Nam
439 3227 587 3290 loachim
606 3238 638 3291 et
656 3226 823 3310 Cleophas

328 3320 451 3385 Annae
468 3322 608 3399 nubunt,
624 3331 657 3384 et
675 3321 828 3387 Salomas

372 3417 586 3499 subsequenti
604 3417 728 3480 ordine.
1220 3417 1242 3478 9

960 3525 976 3552 “
995 3521 1082 3598 Heu,
1101 3520 1176 3604 quis
1206 3519 1318 3584 volvet
1350 3529 1488 3601 petram,
1506 3519 1522 3547 ''

587 3594 609 3655 4
1348 3623 1522 3696 quaerunt,

328 3727 456 3791 Primus
472 3729 581 3811 gignit
598 3729 838 3806 Christiseram,
957 3704 1142 3813 fevqlutam
1159 3713 1418 3785 ⁶⁰⁰⁵Pexesu⁰tt

327 3822 494 3906 Cleophas
510 3826 619 3908 gignit
635 3824 785 3904 alteram,
1001 3819 1072 3908 ΨΟ
1088 3809 1212 3908 Ρῑξνθῃῗ
1228 3799 1358 3882 ange¹⁰2

369 3930 402 3982 et
419 3919 573 3984 salomas
589 3921 729 3985 tertiam·
958 3893 1024 3976 Qut
1040 3894 1182 3958 dulcrter
1197 3895 1257 3958 has
1274 3892 1405 3972 affatur,

328 4016 475 4099 Oquam
496 4017 588 4096 felix,
599 4037 701 4100 quam
718 4020 888 4101 praeclara
957 3999 993 4053 ut
1009 3991 1165 4092 miltient
1178 3992 1380 4094 ,exportatur

327 4111 430 4175 Anna
446 4123 561 4190 mater,
578 4123 611 4177 et
627 4133 729 4196 quam
746 4135 822 4177 cara
999 4077 1136 4142 ⁰¹²¹l¹bet
1151 4079 1325 4161 d¹⁸⁰¹p¹¹¹⁰·

369 4211 490 4274 trinam
507 4211 648 4293 gignens
665 4208 765 4274 filiam
782 4212 788 4274 !
1212 4224 1249 4270 10

567 4378 602 4442 ΑΞ
645 4311 647 4316 ’
955 4325 1070 4408 Atque
1087 4326 1186 4390 Petro
1202 4327 1346 4389 nuntiari

954 4420 1025 4484 vult
1041 4419 1190 4502 angelus,
1206 4441 1267 4484 nec
1283 4422 1394 4500 celari,

368 4514 445 4579 Non
463 4514 597 4579 fuerunt
613 4515 751 4593 steriles,
954 4518 1012 4581 sed
1030 4527 1066 4580 ut
1083 4517 1208 4581 vadant
1225 4537 1325 4598 passu
1343 4519 1413 4600 pari

369 4611 426 4673 sed
444 4610 476 4672 in
494 4610 586 4692 prole
603 4609 732 4674 nobiles
999 4613 1113 4676 statim
1130 4613 1162 4675 in
1181 4612 1366 4678 Galilaeam
1384 4636 1392 4692 ;

366 4716 600 4786 praecurrente
616 4707 723 4790 gratia
738 4728 745 4784 ;
955 4707 1061 4790 Quae,
1076 4708 1157 4772 dum
1172 4708 1266 4784 irent,
1283 4709 1468 4786 audientes

325 4799 434 4864 Prima
452 4801 527 4864 Deo
543 4802 699 4866 dedicata
956 4805 1045 4886 quod
1062 4804 1188 4868 viveret
1204 4813 1237 4868 et
1253 4805 1436 4882 credentes

325 4893 494 4960 Christum
511 4898 620 4980 gignit
636 4897 764 4962 illibata
781 4923 787 4960 :
957 4899 1053 4962 adest
1068 4898 1220 4964 Christus
1236 4901 1278 4963 ad
1295 4910 1477 4981 gementes,

367 5001 504 5057 manent
518 4992 653 5058 claustri
670 4994 746 5058 lilia.
995 5013 1170 5057 occurrens
1185 5013 1245 5078 per
1259 4994 1416 5081 plateam,
