4102 5792
637 539 777 592 PROSAE
806 539 1010 591 ECCLESIAE
1038 540 1279 591 REDONENSIS
1521 543 1594 615 437

338 739 384 803 19.
410 719 647 786 lnDominica
665 719 885 801 praecedente
900 717 1097 782 Adventum
1118 721 1265 796 Domini,
1293 717 1439 784 officium
1460 721 1503 784 de'
1520 722 1592 784 Tri·

463 817 579 892 nitate,
595 813 799 896 Sequentia:
836 813 1031 896 Prmttentes
1052 815 1229 880 Uuitatem.
1264 815 1383 894 K.142.

335 931 383 978 20.
407 912 562 979 Officium
582 910 728 975 Sanctae
745 909 952 974 Katherinae
976 911 1019 972 de
1045 911 1143 976 Senis
1164 912 1253 994 quod
1279 911 1465 975 celebratur
1484 913 1592 996 prima

464 1007 644 1072 Dominica
663 1007 756 1083 Maii,
773 1008 894 1070 Prosa:
930 1004 1060 1070 Christo
1075 1007 1164 1089 Regi
1177 1007 1360 1071 iubilemus.
1378 1055 1502 1071 .........
1531 1024 1594 1090 307

334 1123 381 1169 21.
407 1105 445 1168 In
475 1105 529 1167 die
561 1102 678 1167 Sancti
706 1101 874 1177 Andreae,
911 1102 1031 1165 Prosa:
1074 1103 1287 1166 Exsultemus
1315 1112 1346 1164 et
1374 1102 1541 1180 laetemur,
1564 1114 1595 1166 et

432 1249 435 1255 .
466 1199 627 1262 Andreae.
661 1197 704 1261 K·
712 1214 784 1278 399·
1131 1251 1133 1255 ,

336 1313 385 1360 22.
410 1295 525 1361 Sancti
544 1294 645 1376 Eligii
662 1295 809 1375 episcopi
824 1305 867 1356 et
890 1292 1097 1370 confessoris,
1119 1295 1240 1356 Prosa:
1278 1292 1445 1375 Elegantia
1469 1303 1500 1356 et
1521 1295 1594 1357 elec-

466 1392 501 1456 ti.
523 1437 1504 1455 ....................................................................
1532 1391 1592 1470 263

335 1505 351 1550 2
356 1505 382 1567 3.
407 1487 538 1551 Nicolai
555 1485 713 1568 episcopi,
725 1486 825 1548 Prosa
838 1505 845 1546 :
872 1482 1114 1565 Caugaudeutes
1122 1485 1319 1547 exsultemus
1331 1481 1463 1548 uocali.⁶
1476 1484 1563 1548 K.66
1567 1500 1594 1565 5.

335 1600 383 1662 24
410 1583 446 1645 In
475 1581 704 1663 Conceptionc
732 1581 855 1642 Beatae
888 1580 1024 1655 Mariae,
1057 1580 1179 1643 Prosa:
1219 1579 1310 1642 Dies.
1325 1579 1385 1641 iste
1414 1579 1592 1645 celebretur.

465 1677 581 1756 K.185.
669 1683 671 1686 ’

335 1793 352 1838 2
359 1789 384 1853 5.
409 1771 703 1852 Luciae-virginis,
716 1771 839 1833 Prosa:
873 1770 1066 1833 Recolamus
1080 1771 1283 1852 gratulanda
1304 1769 1506 1850 lmiussesti.
1531 1772 1592 1850 308

335 1871 383 1932 26.
408 1863 523 1933 Sancti
542 1867 682 1929 Antonii
700 1865 841 1940 abbatia,
858 1865 1063 1947 Sequentia:
1094 1867 1262 1930 Antonius
1277 1865 1422 1929 leumilis.
1445 1915 1525 1929 ......
1552 1866 1594 1928 26

335 1981 383 2044 27.
410 1965 448 2027 ln
469 1962 645 2028 Cathedra·
664 1961 779 2025 Sancti
809 1961 895 2022 Petri
922 1961 1011 2042 apud
1040 1962 1195 2039 Romam,
1222 1961 1427 2043 Sequentia:
1468 1961 1595 2038 Gaude,

463 2059 578 2134 Rama,
594 2066 689 2138 caput
704 2057 829 2120 mundi.
864 2056 906 2119 K.
913 2059 984 2136 381.

335 2158 384 2220 28.
408 2155 552 2238 Agnetis
572 2152 710 2234 virginis
738 2164 770 2213 et
798 2153 961 2234 martyris,
995 2153 1114 2216 Prosa:
1147 2151 1348 2215 Auimemur
1376 2153 1424 2214 ud
1449 2171 1594 2234 agonem.

335 2363 383 2425 29.
407 2344 576 2409 Vincentii
595 2341 759 2422 martyris,
777 2342 897 2404 Prosa:
930 2341 1009 2405 Ecce
1026 2341 1095 2405 dies
1104 2351 1304 2425 praeoptata.
1339 2341 1459 2422 K.735.

337 2459 385 2522 30.
409 2443 447 2504 ln
466 2439 692 2506 Conuersione
710 2437 824 2502 Sancti
844 2436 935 2500 Pauli
953 2437 1105 2518 apostoli,
1123 2439 1243 2502 Prosa:
1285 2437 1483 2514 Cardeuace,
1492 2437 1592 2519 prrlsa

464 2535 571 2598 caelos.
607 2533 728 2612 K.386.
905 2528 907 2534 '
1295 2527 1298 2532 '

337 2649 385 2712 31.
410 2633 448 2694 In
468 2629 701 2693 Purificatione
718 2627 841 2690 Beatae
859 2629 996 2706 Mariae,
1012 2630 1039 2690 si
1056 2639 1135 2693 ante
1164 2629 1456 2710 Septuagesimam
1474 2647 1592 2691 evene-

466 2728 516 2802 rit,
533 2725 654 2788 Prosa:
686 2723 761 2784 Lux
775 2723 1114 2788 aduenitveueranda.
1147 2724 1269 2803 K.219.

338 2839 385 2903 32.
412 2830 449 2886 In
467 2818 736 2885 Annuntiatione
753 2819 878 2882 Beatae
896 2820 1034 2897 Mariae,
1050 2819 1186 2902 quando
1203 2820 1291 2883 istud
1321 2818 1440 2883 sestam
1459 2817 1495 2883 fit
1518 2828 1595 2901 post

467 2916 602 2991 Pascha,
619 2914 824 2996 Sequentia:
859 2915 988 2978 Missus
1006 2915 1144 2979 Gabriel
1155 2914 1194 2978 de
1205 2913 1310 2978 caelis.
1348 2915 1389 2977 K.
1399 2931 1471 2979 200.

338 3031 386 3096 33.
410 3012 544 3094 Georgii
572 3011 737 3092 martyris,
754 3009 959 3092 Sequentia:
995 3010 1094 3076 Clara
1115 3031 1193 3089 uoce,
1212 3023 1300 3091 pura
1326 3009 1527 3074 canscientia.
1552 3027 1589 3091 31

333 3127 387 3190 -34,
412 3106 565 3188 Eutropii
591 3105 737 3187 episcopi
766 3115 799 3168 et
825 3107 990 3189 martyriS,
1015 3107 1138 3170 Prosa:
1183 3106 1324 3170 Victima
1352 3103 1479 3170 Christi
1496 3107 1593 3169 ur'cto·

469 3221 524 3264 res.
545 3247 1379 3266 ..........................................................
1389 3251 1391 3256 -
1402 3249 1524 3265 .........
1554 3215 1593 3280 33

340 3315 356 3378 3
361 3312 387 3379 5.
414 3297 452 3359 ln
471 3295 669 3359 Inventione
686 3292 831 3360 Sanctae
848 3295 972 3374 Crucis,
983 3297 1106 3360 Prosa:
1130 3295 1260 3360 Laudes
1273 3295 1387 3361 Crucis
1395 3296 1595 3361 attollamus.
1665 3352 1668 3358 .

412 3484 572 3550 iohannis
588 3493 665 3546 ante
688 3485 823 3548 Portam
852 3484 1019 3562 Latinam,
1038 3486 1158 3549 Prosa:
1194 3485 1263 3548 Hic
1287 3495 1335 3549 est
1361 3484 1487 3550 Ctrisa·
1499 3495 1596 3568 prae·

467 3579 609 3642 dilectus.
644 3577 767 3657 K.404.

341 3679 387 3757 36.
414 3673 706 3738 In-Translatione
734 3673 849 3739 Sancti
879 3676 1089 3755 Modera-nni,
1116 3677 1143 3740 si
1172 3675 1229 3740 fiat
1253 3686 1405 3758 tempore
1436 3674 1599 3754 Paschali,

451 3771 590 3833 -Prosat
639 3769 785 3832 Praesul
795 3791 897 3834 comes
910 3771 1118 3836 sublimatur.
1136 3821 1507 3836 ..........................
1536 3787 1599 3851 309

343 3881 389 3947 37.
415 3866 528 3929 lvonis
549 3863 757 3941 confessoris,
773 3867 799 3928 si
816 3866 880 3929 hoc
897 3867 1017 3930 festum
1036 3867 1093 3930 fiat
1110 3879 1261 3950 ternpore
1289 3867 1449 3944 Paschali,
1476 3868 1595 3930 Prosa:

470 3959 576 4023 Decus
590 3981 629 4023 ac
641 3959 734 4022 decor
750 3960 909 4026 Galliae.⁷
928 4011 1530 4027 ..........................................
1554 3977 1597 4041 47

344 4059 392 4136 38.
417 4057 469 4119 De
486 4055 607 4117 Tribus
625 4055 810 4131 Sororibus,
827 4057 1032 4139 Sequentia:
1063 4059 1394 4122 EeAnnaestarta.
1412 4107 1507 4122 .......
1534 4075 1598 4136 310

346 4167 393 4232 39.
417 4149 560 4213 Antonii
575 4150 618 4210 de
636 4151 750 4212 Padua
765 4151 971 4230 confessoris,
989 4153 1111 4216 Prosa:
1146 4153 1235 4217 Olim
1262 4153 1381 4215 munda
1407 4153 1598 4215 uulneratus.

474 4244 593 4324 K.5oo.
1201 4245 1203 4250 ’

342 4360 392 4421 40.
419 4341 457 4404 In
474 4339 528 4403 die
545 4339 660 4404 Sancti
679 4340 838 4403 Iohannis
864 4343 1046 4425 Baptistae,
1064 4345 1185 4407 Prosa:
1218 4344 1450 4407 Praecursoris
1467 4352 1498 4405 et
1513 4341 1599 4424 Bap-

472 4434 578 4511 tistae,
593 4433 699 4516 digua.
715 4485 1422 4504 .................................................
1422 4519 1426 4526 Ι
1430 4489 1510 4504 ......
1537 4458 1554 4521 3
1563 4457 1597 4503 11

344 4550 394 4611 41.
420 4531 458 4594 In
476 4530 603 4594 octabis
621 4530 736 4595 Sancti
755 4533 914 4596 Iohannis
931 4533 1113 4616 Baptistae,
1132 4535 1233 4598 Prosa
1249 4555 1335 4616 quae
1352 4543 1402 4598 est
1414 4537 1601 4601 extraordi-

474 4625 586 4688 naria:
621 4624 842 4690 Adhonarem
865 4628 895 4690 T
892 4651 980 4706 uum,
993 4629 1129 4708 Christe,
1146 4630 1268 4694 recolat.
1308 4631 1350 4694 K.
1357 4643 1394 4710 35
1401 4647 1428 4709 3.

337 4737 394 4798 242.
421 4721 459 4784 In
488 4720 542 4784 die
569 4721 797 4802 apostolorum
825 4724 912 4788 Petri
941 4735 975 4787 et
1002 4726 1103 4804 Pauli,
1128 4725 1332 4808 Sequentia:
1365 4725 1465 4790 Petra
1479 4728 1606 4808 psallat

474 4817 696 4883 laetabundus.
720 4870 1513 4888 .......................................................
1541 4839 1602 4902 312

379 4943 397 4999 6
417 4947 489 5002 Item
504 4945 533 5001 in
546 4945 745 5004 Translatione
759 4948 787 5004 S.
798 4947 919 5004 Nicolai.

382 5035 396 5089 7
417 5025 490 5080 item
507 5023 535 5079 in
549 5023 716 5080 Elevatione
730 5027 758 5081 S.
769 5027 873 5081 lvonis.
