4108 5794
479 531 546 620 198
796 553 938 606 PROSAE
966 552 1169 603 ECCLESlAE
1196 552 1411 602 BREMENSIS

547 729 754 801 Katherinae
770 730 916 812 virginis,
935 731 1137 813 Sequentia:
1154 729 1386 794 [uitabundus
1400 729 1540 792 exsultet.
1574 728 1616 790 K.
1628 745 1673 808 13.

470 844 520 904 44.
547 825 585 888 In
605 825 827 888 Dedicatione
843 827 1012 900 ecclesiae,
1030 827 1233 908 Sequentia:
1250 826 1382 888 Psallat
1397 825 1531 888 ecclesia.
1565 823 1684 888 K.866.

469 936 520 1000 45.
548 921 585 982 ln
604 921 763 984 Sabbatis
779 925 821 985 de
834 924 937 985 Beata
948 922 1096 1003 Virgine,
1115 922 1318 1003 Sequentia:
1340 923 1421 998 Ave,
1431 919 1604 1002 praeclara
1624 920 1729 984 moris

614 1016 715 1080 stella.
748 1018 869 1098 K.254.

470 1119 520 1190 46.
546 1113 642 1189 Item,
659 1111 841 1195 Sequentia
861 1137 867 1178 :
911 1113 1052 1178 Verbum
1069 1112 1186 1176 bonum
1201 1123 1233 1175 et
1246 1134 1353 1178 suave.
1388 1113 1511 1176 K.268.

470 1225 522 1287 47.
548 1209 642 1284 Item,
660 1208 843 1291 Sequentia
862 1233 868 1273 :
900 1209 1088 1272 Hodiernae
1103 1209 1163 1270 lux
1176 1208 1244 1271 diei
1256 1209 1387 1272 celebris
1403 1209 1447 1272 in.
1475 1207 1518 1271 K.
1526 1223 1597 1272 202.

470 1307 520 1382 48.
547 1304 643 1381 Item,
660 1304 844 1386 Sequentia
863 1329 869 1368 :
900 1306 974 1368 Ave
989 1305 1238 1386 Maria,grntia
1250 1305 1354 1386 plena.
1389 1305 1510 1382 K.264

472 1416 522 1478 49.
547 1401 715 1481 Tempore
728 1401 879 1464 Paschali
893 1403 935 1465 de
950 1402 1054 1463 Beata
1065 1400 1213 1480 Virgine,
1226 1400 1428 1482 Sequentia:
1450 1399 1585 1482 Virgini
1593 1398 1730 1463 Mariae

600 1495 720 1558 landes.
753 1495 820 1558 K.2
826 1514 875 1576 34.

474 1605 521 1669 50.
547 1591 600 1653 De
617 1589 744 1656 Sancto
756 1591 891 1673 Spiritu,
904 1593 1106 1674 Sequentia:
1136 1591 1225 1668 Veni,
1244 1591 1363 1656 Sancte
1380 1591 1538 1672 Spiritus.
1553 1597 1571 1623 ¹¹
1606 1591 1648 1654 K.
1659 1607 1695 1654 12
1701 1606 1727 1672 5.

473 1701 521 1766 51.
546 1686 599 1749 De
612 1687 747 1750 Lancea
759 1697 791 1750 et
805 1687 927 1764 clavis,
942 1687 1127 1769 Sequentia
1142 1712 1147 1749 :
1179 1687 1368 1750 Hodiernae
1375 1688 1504 1766 festum
1520 1687 1610 1751 lucis.
1628 1686 1669 1749 K.
1679 1701 1727 1767 54.

468 1853 471 1862 ,
545 1781 696 1846 Sabbato
711 1792 789 1846 ante
805 1783 934 1846 Vocem
952 1784 1179 1858 iocunditatis
1195 1785 1238 1846 de
1256 1783 1292 1846 B.
1310 1783 1458 1864 Virgine,
1475 1791 1612 1865 propter
1624 1783 1728 1846 victo·

602 1880 683 1942 riam
704 1879 853 1942 habitam
871 1889 987 1942 contra
1007 1879 1199 1960 Stedingos,
1217 1878 1420 1961 Sequentia:
1458 1879 1541 1954 Ave,
1553 1879 1729 1960 praeclara

558 2043 560 2048 ,
602 1975 707 2038 maris
721 1976 821 2038 stella.
856 1976 922 2038 K.2
928 1989 976 2055 54

477 2085 525 2151 52.
549 2072 602 2134 De
622 2072 770 2152 quinque
800 2071 992 2134 vulneribus
1015 2071 1090 2134 Iesu
1118 2069 1252 2147 Christi,
1277 2071 1480 2153 Sequentia:
1514 2071 1597 2148 Ave,
1612 2070 1728 2134 dextra

602 2188 720 2230 titanus
739 2166 871 2232 Christi.
904 2167 1015 2242 Mone,
1036 2182 1103 2228 121.

474 2275 522 2343 53.
547 2264 585 2326 In
605 2263 717 2326 Missis
741 2284 801 2344 pro
824 2262 1000 2338 defunctis,
1024 2261 1167 2326 Tractus
1184 2283 1228 2324 ex
1244 2262 1426 2326 devotione
1442 2271 1476 2326 et
1499 2265 1542 2328 ad
1562 2263 1725 2346 placitum

602 2360 808 2422 cantandus:
842 2359 922 2420 Dies
939 2359 1016 2434 irae,
1031 2357 1101 2419 dies·
1117 2357 1185 2421 illa.
1220 2357 1340 2439 K.879.

513 2623 540 2661 11
566 2609 637 2662 ltem
653 2605 680 2660 in
698 2606 788 2660 Missa
802 2624 852 2676 pro
865 2606 1033 2676 pestilentia.

618 2896 620 2898 ’
689 2961 768 3031 133.
801 2938 875 3010 us
906 2939 1130 3014 sancto
1161 2940 1508 3018 nuscnnato.

775 3287 788 3333 1
1404 3290 1420 3353 3

512 3408 709 3485 Iocundare,
726 3409 821 3490 plebs
839 3409 1037 3488 Bremensis,
1144 3411 1367 3492 Dispensator
1382 3412 1435 3474 hic
1454 3411 1569 3489 fidelis,

513 3505 555 3567 de
572 3513 641 3567 tam
659 3506 751 3567 miris
767 3515 800 3568 et
817 3507 988 3568 immensis
1141 3507 1259 3570 Dauos
1275 3508 1346 3570 adit
1363 3509 1466 3570 tensis
1482 3509 1573 3584 velis,

510 3601 608 3663 donis
624 3601 685 3664 tibi
702 3601 755 3663 hic
772 3602 914 3664 ostensis
1142 3602 1282 3684 Agnum
1299 3604 1531 3667 dominantem
1548 3603 1648 3668 caelis

555 3717 629 3758 cum
647 3697 767 3760 decore
784 3698 875 3760 vario
892 3719 899 3775 ;
1185 3709 1293 3761 terrae
1309 3701 1426 3780 pandit
1444 3699 1573 3778 linibus

469 3861 472 3866 ,
516 3793 620 3854 Laeta
637 3792 726 3855 laeto
744 3792 847 3874 psalle
864 3803 945 3856 tono
1144 3794 1256 3858 Corda
1272 3795 1361 3857 sicca
1378 3795 1594 3858 barbarorum

515 3887 661 3970 glorioso
678 3890 720 3952 de
736 3899 889 3969 patrono,
1146 3889 1235 3953 dulci
1252 3891 1294 3953 de
1310 3890 1518 3972 eloquiorum

513 3985 743 4066 triumphante
760 4005 892 4047 summo
909 3984 1040 4060 throno,
1145 3984 1236 4049 sonte
1253 3986 1364 4068 rigans
1380 3987 1569 4050 divinorum

466 4147 469 4152 ,
557 4079 871 4144 beatollnschario.
1189 4083 1293 4163 signis
1309 4092 1343 4145 et
1359 4083 1544 4146 virtutibus.

775 4235 793 4280 ²
1404 4239 1426 4300 4

514 4357 637 4422 Forma
654 4359 742 4421 vitae
759 4358 1001 4433 Romanorum,
1144 4358 1262 4422 Victor
1278 4358 1378 4421 trium
1398 4357 1432 4421 fit
1451 4379 1638 4441 regnorum,

511 4453 666 4536 pontifex
684 4453 1003 4534 Nordalbingorum,
1144 4453 1221 4518 fana
1238 4457 1355 4518 stravit
1372 4453 1598 4536 profanorum,

511 4573 586 4614 arce
602 4561 694 4614 tenet
712 4551 742 4612 in
761 4549 914 4632 polorum
1142 4550 1233 4613 cultu
1250 4571 1338 4612 vano
1355 4550 1520 4613 idolorum

554 4648 740 4711 mercedem
759 4647 895 4728 negotio
912 4668 918 4724 ;
1185 4645 1276 4710 lacto
1292 4667 1426 4728 prorsus
1442 4643 1569 4724 exsule,

510 4745 627 4807 Antris
643 4745 705 4806 sub
723 4743 884 4807 Corbeiae
899 4742 986 4805 lotus
1141 4743 1224 4806 Fide
1243 4741 1348 4824 fulget
1364 4765 1447 4825 gens
1465 4743 1638 4806 Danorum

507 4841 636 4903 cunctis
653 4841 831 4903 sanctitate
849 4850 947 4902 notus
1140 4839 1387 4920 Sveonumque,
1407 4839 1638 4902 Norvehorum

508 4937 554 4998 sic
571 4937 612 4998 ad
631 4957 797 4998 summum
818 4935 853 4997 fit
871 4943 1044 5015 promotus
1139 4934 1425 5010 Grandlandeum,
1445 4934 1657 4998 Islandorum

553 5033 693 5114 gradum
713 5033 908 5094 sacerdotio
1184 5031 1246 5093 sub
1264 5031 1435 5095 Bremensi
1455 5029 1633 5114 praesules
