4096 5794
487 527 557 614 516
791 537 932 588 mosae
960 533 1162 585 secessum
1187 529 1433 582 aanorceums

782 732 815 778 ll
1412 726 1448 773 12

529 849 581 912 Tu
598 847 745 911 defuncti
762 847 940 908 suscitator
1115 843 1174 904 Vir
1191 842 1310 925 regalis
1326 843 1441 904 vivens
1458 841 1612 922 regaliter

529 945 568 1006 lis
584 942 739 1006 defensor
754 951 787 1005 et
803 950 935 1004 amator
1115 939 1173 1021 qui
1189 937 1290 1019 regali
1308 937 1410 1019 stirpe
1425 937 1586 1000 veraciter

573 1040 633 1103 tibi
650 1037 893 1112 famulantium,
1289 1053 1324 1096 es
1340 1041 1479 1109 creatus,

529 1136 631 1199 Vitae
647 1135 749 1198 redde
765 1154 826 1196 nos
843 1133 1049 1214 languentes,
1118 1129 1245 1212 Regem
1263 1149 1378 1212 regum
1396 1149 1477 1211 roga
1492 1127 1684 1210 suppliciter

530 1253 590 1315 pro
607 1232 752 1313 peccatis
768 1237 994 1312 promerentes
1116 1235 1152 1289 ut
1169 1226 1212 1288 sit
1228 1245 1341 1288 servus
1357 1234 1434 1289 tuus
1449 1223 1589 1288 feliciter

574 1327 691 1390 inferni
708 1325 917 1409 supplicium.
1289 1321 1463 1385 laureatus.

520 1512 714 1563 manuscrit.
738 1492 890 1560 evreux:
913 1505 1012 1560 nuso
1025 1505 1061 1559 de
1077 1504 1197 1572 ravrue,
1209 1519 1252 1572 99,
1268 1504 1367 1559 Missel
1381 1493 1529 1572 a’avreux,
1543 1503 1640 1573 (ayant
1653 1513 1744 1558 autre-

480 1587 534 1641 lois
547 1598 704 1657 appartenu
717 1587 735 1640 a
749 1586 840 1640 Raoul
856 1585 894 1639 du
908 1585 990 1654 Fou),
1001 1589 1047 1636 xv‘
1056 1581 1150 1651 siecle,
1164 1583 1193 1636 E
1200 1585 1227 1637 V.

660 1951 742 2023 371.
778 1929 834 2001 IN
870 1927 1235 2001 INVENTlONE
1266 1928 1304 2002 S.
1327 1928 1579 2002 TAVRlNl.

797 2209 807 2256 1
1292 2214 1372 2257 voce
1388 2195 1497 2274 clara,

532 2298 585 2361 De
602 2306 712 2360 roseto
728 2296 840 2378 prodit
857 2316 940 2371 rosa,
1207 2296 1297 2360 Hinc
1313 2296 1471 2362 columna
1490 2297 1660 2380 splenduit

530 2393 655 2457 luctum
673 2392 746 2456 odit
762 2391 822 2454 lux
839 2391 950 2454 iocosa
964 2411 971 2467 ;
1205 2412 1272 2473 qua
1288 2392 1498 2475 sepulchrum
1518 2395 1627 2478 patuit

530 2489 583 2552 De
599 2489 732 2571 spineto
749 2486 840 2551 venit
856 2487 961 2570 spina,
1294 2501 1329 2554 ut
1346 2490 1394 2555 sol
1411 2491 1507 2556 clara.

531 2601 684 2666 pungens
701 2582 782 2646 lenit
798 2591 834 2647 ut
850 2582 972 2646 divina.
1426 2661 1441 2728 5

794 2703 812 2748 2

578 2791 744 2855 Taurinus
761 2791 934 2868 exuberat,
1207 2801 1334 2867 Surdus
1350 2803 1452 2883 audit,
1469 2805 1613 2888 loquitur

576 2907 686 2950 rosam
703 2908 777 2951 rosa
794 2897 936 2969 superat,
1208 2910 1327 2976 mutue,
1344 2901 1487 2965 daemon
1504 2903 1645 2983 pellitur,

662 2982 791 3046 stellam
808 2983 913 3059 stella,
1205 2993 1292 3058 salus
1308 3005 1340 3058 et
1358 2997 1406 3059 vis
1423 2998 1579 3073 redditur,

575 3079 645 3142 Vas
663 3077 803 3142 fellitum
817 3079 991 3161 spernitur,
1292 3090 1430 3174 languor
1446 3095 1535 3158 cedit
1548 3116 1555 3172 ;

575 3195 632 3238 vas
649 3174 812 3237 mellitum
829 3172 962 3247 bibitur,
1208 3185 1307 3248 Error
1322 3186 1400 3264 abst,
1417 3190 1538 3252 veritas

663 3269 769 3340 fluunt
786 3269 893 3332 mella·
1208 3291 1325 3363 regnat
1341 3293 1374 3347 et
1389 3283 1563 3348 calamitas

797 3394 813 3456 3
1209 3375 1302 3458 sugit,
1318 3379 1406 3444 cedit
1422 3381 1573 3458 caecitas,

581 3479 698 3559 Neque
715 3497 773 3539 vas
790 3475 826 3538 fit
842 3496 983 3538 vacuum
1296 3473 1385 3538 visus
1401 3475 1493 3540 redit.

580 3583 612 3635 et
631 3573 694 3635 mel
712 3581 779 3636 stat
794 3581 991 3654 perpetuum
1424 3627 1446 3690 6

666 3669 737 3749 pari
754 3667 860 3731 forma
874 3689 882 3746 ;

578 3763 766 3826 Virtutibus
783 3763 920 3838 studuit,
1249 3763 1278 3824 T
1280 3765 1395 3826 aurine
1411 3785 1562 3846 propera,

577 3859 664 3922 vitiis
681 3859 842 3922 abstinuit
1255 3868 1410 3942 premunt
1426 3880 1487 3924 nos
1499 3860 1629 3938 scelera,

662 3948 732 4028 pari
750 3966 873 4010 norma.
1120 3975 1218 4037 opem
1237 3955 1363 4018 miseris
1379 3955 1525 4018 accelera
1541 3977 1548 4034 ;

793 4069 814 4129 4
1250 4053 1331 4116 Tres
1348 4052 1463 4115 mortis
1480 4052 1622 4115 nexibus

576 4154 731 4235 Angelici
749 4153 894 4236 Spiritus
1252 4147 1377 4210 solvisti
1393 4147 1555 4230 precibus,

578 4250 666 4313 diem
684 4251 837 4331 pandunt
853 4249 964 4311 exitus
1122 4264 1181 4327 per
1196 4253 1229 4307 te
1245 4243 1389 4306 ditemur
1404 4241 1589 4308 virtutibus,

528 4449 717 4500 Manuserlt.
741 4431 876 4499 Evanux
891 4461 896 4498 :
917 4445 1019 4498 Musde
1038 4444 1074 4499 de
1091 4443 1118 4496 la
1126 4442 1208 4510 Ville,
1221 4455 1264 4510 99,
1276 4439 1375 4495 Missel
1388 4424 1537 4511 d’livreux,
1550 4442 1647 4512 (ayant
1658 4453 1753 4499 autre-

489 4522 543 4576 lols
556 4533 712 4593 appartenu
726 4524 743 4577 a
758 4524 848 4578 Raoul
862 4522 899 4576 du
916 4523 997 4591 Fou),
1009 4529 1056 4576 mre
1064 4520 1158 4588 siecle,
1173 4520 1202 4573 E
1208 4521 1236 4574 V.
