4108 5794
448 466 518 536 232
759 459 903 512 PROSAE
929 459 1133 511 ECCLESlAE
1160 457 1392 510 PARISIENSIS

461 657 519 712 110,
533 640 633 696 Missel
645 639 682 695 de
690 637 780 707 Paris,
792 637 922 692 ztir-xiie
931 636 1025 704 siecle,
1043 637 1071 690 V.
1104 635 1146 692 Cf.
1159 653 1194 691 en
1208 645 1307 691 outre:
1321 635 1394 692 Bibl.
1409 636 1561 706 Mazan'ne,
1573 649 1635 708 405,
1647 652 1709 706 413,

452 733 508 790 etc,
521 729 568 775 xv²
578 720 671 776 siecle.
699 720 867 774 LoNDREs:
883 717 983 772 Museo
998 716 1076 785 Brit,
1089 717 1163 771 Add.
1181 717 1272 786 16905.

489 843 570 896 Cette
581 840 655 895 belle
675 839 771 907 Prose,
784 838 871 908 digne
883 837 1003 892 d'lldam
1017 838 1054 892 de
1073 837 1274 901 Saint-Victor,
1288 847 1368 908 porte
1389 837 1460 894 dans
1478 838 1504 892 le
1520 838 1587 892 1086
1605 837 1631 892 le
1644 836 1710 892 titre

455 921 567 1002 suivant
581 939 586 974 :
600 919 693 974 Prosa
709 921 810 972 Sancti
817 919 952 972 Marlr'm'.
973 918 1036 972 Elie
1046 935 1063 972 a
1073 918 1117 972 ete
1130 917 1279 988 adapteea
1293 917 1372 972 Saint
1385 917 1478 988 Julien
1492 917 1563 972 dans
1573 917 1598 971 le
1610 916 1711 972 Missel

456 1002 494 1056 de
505 1001 676 1068 Coutances,
693 1011 772 1068 1557,
785 1015 835 1069 par
848 997 874 1052 la
888 997 1070 1068 suppression
1084 998 1134 1052 des
1145 999 1217 1053 deux
1230 997 1383 1068 premieres
1396 998 1534 1068 strophes.

490 1142 536 1181 ro
566 1123 692 1181 secunda
705 1122 740 1178 Χ.
749 1123 783 1178 Z.
815 1128 829 1178 t
854 1121 995 1177 Martinus
1009 1123 1049 1176 S'.

488 1221 535 1261 ae
565 1221 651 1277 quem
659 1203 775 1258 videbat
793 1203 822 1258 T.

489 1300 534 1356 ³⁰
564 1295 592 1340 et
605 1300 728 1340 coronae
743 1282 933 1337 Constantien.

486 1381 536 1432 43
568 1366 658 1420 Lucta
671 1364 863 1419 constantien.

490 1457 503 1516 5
517 1461 538 1499 a
570 1445 595 1499 Ο
612 1443 735 1498 Martine
750 1443 790 1496 S'.
804 1443 880 1498 faute
898 1443 935 1498 de
955 1444 1024 1498 rime
1038 1444 1085 1514 qui
1100 1443 1215 1513 indique
1228 1443 1294 1498 bien
1308 1461 1362 1514 que
1384 1444 1411 1497 la
1421 1442 1500 1514 piece
1514 1459 1531 1498 a
1543 1441 1715 1514 eteprimiti·

458 1534 573 1582 vernent
583 1523 735 1594 composee
748 1539 783 1578 en
797 1523 944 1578 l’honneur
955 1524 990 1580 de
1004 1523 1084 1579 Saint
1099 1523 1243 1579 Germain.
1282 1523 1374 1578 illuxit
1398 1523 1506 1578 iuliane
1526 1523 1716 1578 constantien.

458 1609 478 1660 d
506 1615 600 1661 cessat
613 1604 703 1672 dolor,
717 1615 811 1660 cessat
823 1603 1013 1658 Constantior.
1042 1621 1122 1658 cessa
1135 1604 1226 1658 luctus
1239 1604 1277 1658 X.
1309 1620 1325 1658 o
1351 1613 1393 1658 est
1403 1603 1440 1658 X.
1468 1603 1624 1674 productus
1643 1603 1714 1658 V.Z.

455 1691 470 1740 1
500 1695 543 1740 est
556 1685 595 1738 nil
608 1685 641 1739 Z.

494 1763 512 1818 6
525 1783 542 1818 e
573 1773 600 1819 et
613 1779 736 1835 manque
752 1764 782 1816 T.
812 1763 904 1817 lucem
917 1763 1074 1818 anhelabas
1089 1763 1129 1817 5¹.

494 1857 545 1911 73
575 1844 688 1898 dulcem
702 1841 797 1914 (apres
810 1842 968 1898 correction
982 1842 1001 1911 !)
1020 1843 1063 1896 W.
1088 1847 1109 1896 b
1134 1843 1212 1898 ducit
1228 1843 1258 1898 T.
1274 1843 1301 1897 V.
1319 1843 1408 1913 W.‚X.
1418 1844 1452 1898 Z.
1476 1848 1496 1898 d
1522 1843 1665 1898 reddituro
1685 1843 1715 1897 Υ.

491 1924 541 1978 lla
572 1923 681 1993 Gaude,
694 1940 773 1994 puer,
788 1923 819 1977 U.

489 2009 541 2072 ph
573 2013 601 2058 ut
612 2021 713 2058 uxores
727 2001 758 2072 (l)
782 2002 813 2056 V.
844 2019 862 2057 3
892 2003 934 2057 Te
960 2013 1121 2058 nostrarum
1145 2004 1190 2056 W.
1208 2004 1239 2057 l'.
1253 2003 1286 2058 Z.
1302 2005 1492 2058 Constunlr'en.
1524 2009 1538 2058 1
1564 2003 1718 2074 hicculpa·

453 2101 522 2139 rum
540 2084 570 2139 (J.
582 2082 619 2140 X.
635 2083 709 2138 KZ.
725 2081 915 2138 Constanlr'en.
950 2082 1017 2136 hinc
1034 2083 1064 2137 T.
1081 2082 1109 2136 V.
1144 2081 1265 2139 iudicem
1282 2083 1312 2139 T.
1325 2083 1355 2138 ll.

729 2343 810 2416 153.
843 2320 920 2393 ou
951 2320 1173 2396 saucio
1204 2322 1446 2398 aracaio.

768 2541 780 2586 Ι

524 2633 697 2696 Lucernae
714 2652 820 2695 novae
837 2631 972 2714 specula

525 2729 708 2793 illustratur
727 2727 900 2804 Hibernia,

523 2825 685 2890 Coruscat
702 2823 825 2888 Meldis
842 2823 949 2886 insula

522 2930 637 2985 tantae
653 2920 735 2984 lucis
751 2921 948 3002 praesentia.

762 3047 781 3094 2

527 3139 589 3205 1113
606 3140 696 3204 misit
713 3139 890 3215 Fiacrlum,

524 3237 606 3300 haec
623 3237 760 3300 missum
778 3235 880 3298 habet
893 3235 1033 3306 radium,

527 3332 665 3397 Habent
678 3351 857 3396 commune
873 3330 1043 3413 gaudium,

526 3429 608 3494 haec
625 3437 765 3512 patrem,
781 3427 837 3490 illa
853 3425 965 3490 filiurn.

526 3651 583 3716 Ad
601 3651 703 3714 vitam
722 3649 904 3714 solitariam

525 3747 705 3830 suspirans,
722 3746 794 3810 exit
810 3746 952 3829 patriam
968 3769 975 3822 ;

527 3844 693 3907 Faronem
711 3842 834 3906 Meldis
850 3843 980 3924 reperit,

526 3940 578 4004 cui
595 3959 691 4003 suum
709 3949 825 4003 votum
842 3939 956 4020 aperit.

529 4163 631 4226 Hunc
648 4160 723 4224 loco
738 4158 888 4224 solitario

527 4261 617 4324 locat
633 4258 664 4321 in
682 4256 754 4321 solo
771 4257 905 4339 proprio
923 4278 930 4334 ;

528 4355 583 4422 Sic
600 4353 638 4419 fit
656 4352 817 4418 Iohannis
833 4351 960 4430 similis,

525 4451 633 4516 cultor
648 4449 771 4515 deserti
787 4448 917 4514 sterilis.

766 4572 781 4638 5

524 4672 615 4734 Dum
632 4667 742 4731 locum
760 4666 871 4746 signat
889 4663 1017 4741 bacu10,

523 4785 611 4830 novo
628 4782 746 4827 nemus
763 4759 925 4824 miraculo

521 4863 700 4944 Tanquam
717 4875 851 4921 caesum
869 4857 1019 4936 deicitur,

521 4959 626 5024 humo
641 4975 708 5020 non
726 4953 815 5018 losse
830 4953 982 5036 cingitur.

1394 2527 1415 2590 6

1153 2634 1209 2698 Sic
1227 2635 1333 2699 sancti
1350 2636 1410 2699 viri
1428 2639 1583 2702 meritum

1156 2729 1219 2793 loci
1238 2731 1358 2796 dilatat
1374 2733 1538 2797 ambitum
1556 2757 1563 2811 ;

1152 2826 1220 2888 Res
1238 2827 1422 2892 innotescit
1438 2829 1582 2894 feminae

1154 2933 1290 2988 accusat
1306 2934 1343 2988 ut
1359 2925 1401 2988 de
1417 2926 1562 2991 crimine.

1394 3052 1413 3116 7

1156 3141 1306 3206 Damnat
1325 3165 1410 3226 opus
1427 3145 1580 3226 malefici,

1155 3237 1310 3304 diffamat
1327 3250 1432 3304 artem
1454 3245 1574 3326 magici
1592 3267 1598 3322 ;

1158 3335 1425 3400 Praesentandus
1441 3337 1495 3402 hic
1512 3341 1655 3421 praesidi

1156 3430 1263 3494 lassus
1280 3433 1403 3497 insedit
1420 3433 1532 3516 lapidi.

1398 3547 1416 3608 8

1160 3653 1264 3737 Lapis
1280 3655 1369 3719 cedit
1387 3677 1447 3720 nec
1464 3659 1624 3739 caeditur,

1158 3759 1272 3831 petrae
1288 3753 1384 3815 sedes
1401 3753 1604 3837 insculpitur.

1157 3845 1188 3911 Ο
1205 3846 1350 3911 feminae
1368 3851 1525 3932 nequitia,

1157 3951 1271 4024 petrae
1289 3945 1395 4008 maior
1410 3947 1551 4012 duritia!

1160 4162 1244 4226 Orat
1261 4183 1302 4226 ne
1319 4163 1382 4227 loci
1397 4072 1516 4229 1111111131

1161 4258 1319 4322 immunis
1336 4262 1437 4326 intret
1453 4263 1577 4326 semina
1593 4289 1600 4328 :

1162 4355 1256 4418 Haec
1275 4366 1325 4420 est
1341 4378 1442 4422 causa
1458 4379 1516 4422 cur
1531 4357 1675 4426 feminae

1158 4460 1311 4515 arcentur
1327 4454 1397 4517 eius
1414 4454 1535 4519 limine.

1391 4581 1429 4628 10

1158 4667 1225 4730 Hic
1242 4669 1371 4733 miseris
1387 4670 1562 4754 refugium,

1157 4761 1296 4826 infirmis
1313 4767 1530 4849 refrigerium,

1155 4859 1341 4943 Peregrinis
1357 4861 1552 4946 hospitium,

1153 4975 1229 5037 spes
1247 4956 1357 5040 lapsis,
1374 4961 1511 5026 moestis
1527 4963 1697 5044 gaudium.
