4094 5796
650 537 792 591 PROSAE
814 537 1016 590 ECCLESIAE
1038 535 1330 588 ANDEGAVENSIS

670 735 688 800 3

410 841 624 909 Excellenter
640 841 784 906 multum
801 841 888 904 bene

408 943 507 1006 docta
523 961 559 1004 es
575 939 618 1003 ab
635 937 783 1021 Origene

407 1039 439 1102 in
456 1036 534 1101 fidei
551 1035 700 1100 articulis
716 1056 724 1113 ;

409 1135 484 1198 Hoc
500 1133 683 1216 prudenter
698 1130 938 1196 demonstrasti

406 1231 486 1295 dum
503 1249 655 1313 paganos
670 1227 852 1292 confudisti

405 1327 638 1410 theologorum
656 1325 788 1407 regulis,

668 1473 690 1536 4

406 1577 472 1642 Res
487 1574 587 1640 realis
603 1575 665 1640 fuit
682 1575 747 1639 ista

403 1673 494 1757 quod
509 1682 544 1736 te
561 1671 731 1736 Iohannes
748 1671 903 1754 Baptista

404 1768 588 1853 baptizavit
604 1787 698 1832 sacra
714 1766 805 1831 unda
818 1788 826 1847 ;

404 1865 483 1930 Post
498 1867 532 1929 in
549 1865 667 1928 turrim
684 1864 866 1928 ascendisti

404 1971 437 2026 et
453 1960 544 2026 idola
560 1960 754 2044 confregisti
774 1970 776 1974 ’

402 2077 488 2141 quae
497 2077 586 2122 vana
597 2065 676 2122 sunt
692 2066 726 2121 et
738 2057 920 2122 immunda.

667 2201 683 2266 5

404 2315 544 2381 Elevata
559 2325 640 2382 tunc
656 2316 748 2381 fuisti

402 2412 482 2476 dum
498 2412 627 2477 latomo
643 2414 861 2496 praecepisti:

401 2510 491 2573 “Fac
502 2510 535 2573 in
546 2511 663 2573 turrim
674 2520 741 2575 tres
753 2510 941 2576 fenestras.''
958 2539 961 2545 ·

404 2605 464 2670 Per
476 2616 544 2670 tres
560 2607 662 2672 doces
678 2608 889 2685 Trinitatem,

402 2722 460 2786 per
475 2711 668 2786 turremque
684 2704 849 2768 unitatem

402 2799 433 2862 in
450 2799 573 2863 divinis
589 2819 661 2864 esse
678 2810 853 2864 monstras.

660 2936 682 2997 6

400 3057 469 3122 lsta
483 3058 603 3122 videns
618 3069 714 3142 pater
730 3059 851 3136 fremit,

399 3171 511 3218 ensem
528 3175 626 3220 suum
644 3176 725 3220 mox
743 3158 880 3234 exemit,

399 3251 535 3333 cupiens
551 3259 585 3316 te
600 3253 818 3318 transfodere.

400 3345 470 3412 Sub
485 3347 599 3430 lapide
614 3359 684 3413 tam
700 3350 826 3414 vallata

399 3462 457 3524 per
472 3455 641 3526 pastorem
659 3455 815 3510 accusata
831 3469 839 3526 ;

399 3549 512 3621 pastor
527 3542 613 3624 perit
629 3564 690 3625 pro
705 3543 836 3608 scelere.

658 3689 678 3754 7

399 3803 586 3886 Epistolam
604 3803 684 3868 dum
701 3803 829 3887 legeres

398 3897 554 3984 Origenis
569 3910 603 3964 et
616 3921 777 3978 cerneres,

397 3997 458 4060 tibi
474 3995 627 4062 Christus
643 3999 808 4080 apparuit.

398 4091 449 4156 Ac
464 4093 491 4157 si
508 4103 596 4158 esset
613 4114 719 4177 nuper
736 4104 834 4158 natus

395 4189 531 4254 demum
548 4191 636 4254 cruci
653 4190 869 4255 conclavatus

395 4285 480 4351 sicut
496 4288 566 4370 pati
582 4287 695 4352 voluit.

656 4426 675 4486 8
704 4422 706 4426 .

398 4550 492 4615 Haec
508 4551 622 4615 omnia
638 4552 719 4615 dum
736 4551 849 4616 vidisti

395 4647 566 4711 evidenter
581 4649 769 4730 cognovisti

396 4743 463 4806 nati
480 4744 551 4826 pati
568 4745 727 4826 mysteria
742 4766 749 4822 ;

398 4838 473 4902 Hoc
489 4841 658 4903 cernendo
673 4861 708 4904 es
724 4850 863 4918 armata,

394 4937 502 5014 corde,
518 4957 575 5000 ore
592 4946 790 5019 praeparata

395 5032 435 5098 ad
452 5033 566 5100 omnia
582 5033 753 5120 supplicia.

1299 733 1321 796 9

1034 839 1218 922 Abnegare
1234 837 1407 904 Christum
1425 836 1543 902 nolens

1036 935 1230 1000 Marcianus
1247 934 1390 999 multum
1407 933 1526 998 dolens

1034 1041 1069 1097 te
1083 1033 1197 1116 posuit
1212 1034 1246 1096 in
1263 1051 1404 1108 carcere,

1033 1130 1158 1193 lubens
1174 1138 1270 1193 tuum
1288 1127 1441 1211 equuleis

1036 1247 1156 1308 corpus
1172 1225 1269 1290 tundi
1286 1245 1363 1288 cum
1381 1223 1511 1290 malleis

1034 1332 1136 1406 atque
1152 1341 1317 1386 mammas
1333 1321 1485 1386 evellere.

1292 1469 1331 1516 10

1036 1573 1166 1648 Nervis
1180 1573 1283 1655 virgis
1299 1572 1435 1649 laniata,

1031 1669 1141 1734 cilicio
1156 1669 1352 1748 confricata,

1030 1766 1176 1831 lacerata
1192 1765 1393 1849 pectinibus,

1031 1862 1140 1946 Super
1154 1871 1261 1926 testas
1276 1871 1312 1926 tu
1330 1881 1365 1925 es
1381 1880 1479 1926 versa

1032 1961 1110 2037 sale,
1125 1968 1222 2024 aceto
1237 1978 1374 2041 aspersa

1031 2065 1064 2120 et
1080 2057 1202 2122 adusta
1219 2054 1447 2138 fragminibus.

1289 2202 1323 2248 11

1033 2316 1146 2380 Ducta
1161 2315 1251 2380 nuda
1267 2325 1304 2380 tu
1321 2335 1381 2398 per
1396 2331 1539 2397 regnum

1030 2434 1130 2496 super
1145 2412 1254 2490 calles,
1271 2432 1370 2496 super
1386 2430 1528 2476 coenum

1031 2511 1176 2574 atrocius
1193 2508 1354 2574 mutilata.

1030 2608 1117 2670 Mox
1133 2606 1272 2688 angelus
1289 2605 1386 2669 affert
1402 2605 1541 2687 byssum

1028 2703 1190 2768 divinitus
1205 2703 1267 2767 tibi
1284 2703 1424 2766 missum

1030 2801 1120 2864 unde
1135 2800 1231 2882 virgo
1246 2820 1282 2862 es
1298 2807 1427 2864 ornata.

1286 2949 1324 2996 12

1027 3061 1072 3125 Et
1088 3068 1225 3142 propter
1240 3058 1304 3122 hoc
1322 3079 1383 3122 rex
1395 3055 1539 3120 tabescit

1026 3157 1114 3234 furit,
1130 3156 1270 3234 frendet,
1286 3155 1425 3219 modum
1442 3151 1549 3215 nescit

1027 3255 1108 3318 dum
1125 3262 1168 3332 te,
1183 3254 1287 3336 virgo,
1303 3248 1491 3315 decollavit.

1028 3350 1073 3414 Et
1089 3350 1153 3414 hoc
1169 3370 1259 3414 anno
1275 3349 1466 3412 ducenteno

1025 3447 1238 3531 septimoque
1255 3463 1428 3527 sexageno

1027 3545 1122 3627 virgo
1138 3543 1248 3607 caelos
1264 3541 1409 3606 evolavit

1282 3690 1319 3754 13

1027 3805 1113 3887 Regi
1131 3823 1264 3867 summo
1281 3803 1313 3866 in
1330 3801 1394 3866 hac
1410 3801 1481 3865 vita

1026 3901 1213 3984 impetrasti
1230 3909 1268 3964 ut
1284 3901 1326 3963 sit
1342 3901 1390 3963 ita

1028 4007 1162 4062 nostrae
1178 3995 1271 4061 labes
1287 3995 1482 4060 relaxentur

1025 4095 1138 4158 Morte
1154 4094 1239 4158 mori
1256 4113 1323 4158 non
1341 4093 1453 4157 subita

1024 4190 1235 4255 confessione
1250 4189 1367 4255 habita

1026 4288 1148 4354 viatico
1163 4307 1358 4352 recreemur.

1280 4442 1319 4504 14

1026 4552 1235 4636 Ultioneque
1250 4553 1366 4617 divina

1023 4659 1118 4732 pater
1134 4659 1211 4713 tuus
1228 4670 1288 4712 rex
1306 4647 1453 4729 maligna

1023 4757 1130 4808 morte
1147 4765 1213 4808 non
1230 4747 1277 4809 sic
1294 4745 1440 4809 cernitur
1454 4767 1461 4824 ;

1025 4841 1113 4904 Nam
1132 4841 1275 4924 desuper
1291 4843 1381 4905 venit
1398 4841 1486 4924 ignis

1024 4958 1144 5020 corpus
1162 4959 1260 5001 urens
1277 4939 1391 5020 sicque
1407 4938 1491 5000 cinis

1024 5033 1115 5097 nullo
1133 5035 1235 5098 modo
1251 5035 1418 5118 panditur.
