4096 5794
476 519 550 608 580
768 533 909 584 suosne
937 531 1140 582 aecnesrnu
1167 531 1443 582 canuumnusrs

476 821 522 866 10.
548 802 623 865 Stat
640 807 766 880 martyr
783 818 898 875 ovans,
916 797 1027 861 lesum
1045 797 1173 874 adorat,
1194 795 1298 860 Cuius
1315 797 1419 860 vicem
1438 798 1575 878 gerebat
1592 818 1652 880 pro
1670 798 1734 862 Illo

603 895 686 958 mori
703 893 882 976 gaudebat.

477 1011 522 1058 11.
546 993 636 1058 Oves
652 989 867 1054 commendat
882 987 1016 1054 Christo
1032 988 1220 1064 servandas,
1231 989 1393 1072 sanguine
1404 997 1555 1053 sternens
1569 991 1656 1054 viam
1667 1011 1734 1073 qua

601 1087 796 1170 graderetur
811 1085 853 1148 ad
870 1085 984 1148 vitam.

477 1235 523 1282 12.
548 1219 669 1280 Passus
685 1217 825 1280 obscura
842 1215 982 1278 carceris
998 1221 1104 1290 antra,
1116 1211 1234 1288 vincla,
1250 1213 1322 1276 dira
1339 1223 1515 1291 tormenta,

477 1333 523 1394 13.
549 1313 717 1379 Saxorum
735 1311 821 1373 inter
837 1309 974 1372 vulnera
991 1318 1142 1372 sanctam
1159 1309 1253 1372 caelo
1270 1309 1414 1372 reddidit
1431 1311 1588 1376 animam.

478 1465 522 1525 14.
548 1445 637 1527 Quid
656 1464 735 1526 ergo
752 1442 868 1520 saevis,
885 1442 998 1504 invida
1015 1442 1127 1522 pestis,
1144 1441 1246 1521 pestis
1263 1442 1411 1524 antiqua,

477 1557 521 1622 15.
546 1543 579 1604 A
597 1541 759 1604 moriente
776 1537 910 1603 Christo
926 1537 1058 1599 devicta
1074 1547 1175 1618 atque
1191 1535 1342 1600 calcata?

476 1677 520 1738 16.
544 1675 662 1738 Virtus
677 1673 765 1736 hunc
782 1669 936 1734 sustollet
953 1670 995 1732 ad
1012 1670 1164 1752 gloriam,
1190 1679 1223 1734 te
1249 1670 1374 1734 invidia
1390 1671 1492 1735 trahit
1508 1673 1550 1736 ad
1568 1693 1733 1755 poenam;

476 1787 520 1852 17.
548 1771 635 1833 Ecce
650 1787 752 1851 quam
771 1767 859 1830 laeta
875 1775 990 1830 cantat
1007 1765 1089 1829 haec
1105 1776 1216 1830 turma
1233 1767 1388 1848 martyris
1404 1767 1503 1846 alma,

474 1881 510 1946 17
523 1867 551 1928 b.
576 1864 755 1946 Troplraea
771 1863 874 1945 digna
891 1861 1025 1926 Christo
1041 1862 1126 1926 dans
1141 1862 1280 1939 doxam,
1296 1862 1353 1945 qui
1370 1862 1446 1926 tulit
1463 1863 1620 1945 palmam.

476 1961 554 2026 16b.
580 1961 667 2024 Ecce
683 1979 772 2023 nunc
789 1978 888 2040 quem
918 1977 1067 2021 murmur
1091 1977 1158 2021 non
1187 1957 1330 2041 fregerat
1355 1959 1566 2023 aeternaliter
1591 1960 1672 2023 vivit
1699 1969 1734 2023 et

602 2065 729 2138 regnat.

477 2187 521 2247 18.
548 2185 609 2246 Per
625 2183 707 2246 haec
724 2193 781 2245 tua
798 2180 916 2258 felicia,
932 2189 1036 2264 pater,
1053 2200 1209 2263 rogamus
1226 2183 1359 2264 gaudia,

476 2303 522 2363 19.
546 2279 642 2362 Quae
658 2278 758 2341 hodie
774 2274 932 2340 omnifica
947 2275 1008 2339 tibi
1026 2275 1125 2339 cessit
1141 2277 1316 2358 potentia:

472 2431 522 2476 20.
546 2409 653 2475 Auser
669 2409 798 2474 anobis
816 2409 969 2472 meritam
988 2407 1067 2470 mali
1084 2408 1219 2472 auditus
1235 2409 1445 2488 sententiam,

473 2525 520 2570 21.
547 2507 623 2588 Qua
639 2503 886 2568 confundentur
903 2503 1056 2584 superba,
1072 2503 1164 2566 omni
1181 2513 1332 2568 cessante
1348 2504 1512 2588 superbia,

473 2651 520 2697 22.
547 2635 592 2697 Et
608 2633 659 2696 sac
677 2631 773 2695 nobis
790 2631 938 2713 perviam
957 2631 1049 2713 regni
1066 2631 1219 2696 caelestis
1236 2633 1380 2697 ianuam.

508 2821 716 2871 Manusorlts.
741 2816 855 2868 Pnu1s:
878 2814 948 2868 Bibl.
970 2813 1006 2868 de
1028 2815 1175 2880 l’Arsenal‚
1194 2829 1251 2885 135,
1283 2815 1382 2871 Missel
1409 2816 1575 2873 Benedictin
1604 2819 1732 2890 Anglais,

471 2895 634 3042 mancello
650 2896 679 2949 O.
714 2895 924 2949 Cn1113111uu1t:
946 2893 1018 2947 Bibl.
1041 2893 1077 2947 de
1090 2894 1280 2962 1'Universire,
1295 2894 1491 2965 Sequentiaire
1503 2897 1540 2951 de
1554 2897 1654 2968 Cema
1668 2915 1732 2954 vers

544 3017 550 3044 ,
617 3016 622 3027 .

507 3103 728 3173 zmmwst

507 3201 523 3253 9
541 3183 665 3255 prorupit
681 3183 736 3238 CB.

490 3277 521 3328 16
540 3274 633 3329 trahat
648 3273 704 3327 CB.

490 3357 555 3418 17b
586 3353 748 3422 Tropheam
762 3351 880 3422 dignam
895 3351 927 3406 O.
957 3351 1091 3421 Trophea
1105 3350 1162 3406 CB.

705 3641 789 3710 413.
823 3619 897 3691 DE
928 3618 1152 3692 SANCTO
1185 3618 1509 3694 DVNSTANO.

496 3883 519 3927 1.
546 3863 719 3928 Hodierna

492 4012 518 4058 2.
543 3995 715 4058 Resonent
731 3996 855 4077 gaudia
873 3997 1035 4059 virtutum
1053 3997 1223 4078 praeclara

492 4107 519 4172 3.
543 4090 656 4173 Opera
667 4087 773 4154 ‘beato
791 4091 974 4156 Dunstano
991 4091 1123 4157 collata.

488 4238 518 4299 4.
542 4220 576 4284 A
593 4221 708 4284 matris
724 4229 831 4298 utero,
847 4223 994 4286 Deitatis
1009 4231 1212 4305 praeventus
1228 4223 1346 4305 gratia,
1459 4217 1462 4222 ’

491 4331 517 4396 5.
542 4316 651 4381 Extra
668 4317 843 4396 mundum,
859 4328 957 4382 extra
973 4317 1089 4382 mundi
1107 4328 1220 4382 mente
1237 4319 1390 4384 transivit
1406 4322 1529 4385 omnia.

488 4441 515 4502 6.
543 4439 727 4597 Salvatogis
744 4439 873 4503 monita
889 4440 1030 4504 audiens
1045 4439 1201 4520 salubria,
1218 4443 1301 4505 Eius
1317 4443 1359 4506 ad
1376 4443 1518 4526 vestigia
1534 4465 1610 4508 cum
1632 4445 1733 4510 beata

598 4536 676 4598 sede
702 4543 737 4597 at
754 4535 883 4614 Maria;

488 4646 516 4712 7.
542 4630 642 4696 Unde
658 4631 895 4694 ardentissimo
925 4631 1071 4716 flagrans
1098 4633 1274 4712 desiderio,
1301 4635 1444 4718 patriam
1473 4638 1633 4701 continua
1660 4657 1733 4702 sus-

596 4727 728 4810 pirabat
744 4729 868 4790 amoris
885 4729 1042 4811 lacryma.

487 4857 515 4917 8.
540 4853 730 4919 Sacerdotis
746 4852 873 4918 honore
890 4855 1071 4937 praeditus,
1087 4856 1274 4938 angelicam

484 4969 512 5031 9.
540 4951 619 5033 Egit
634 4951 738 5014 vitam
753 4949 857 5033 signis
873 4973 893 5015 a
909 4971 1013 5035 puero
1029 4963 1271 5020 consecratam.
