4116 5784
570 530 712 582 mosas
740 530 944 582 neccssmu
971 531 1107 585 sanem
1135 534 1309 586 orouusn
1519 521 1590 610 363

647 747 729 819 253.
762 725 838 846 DE
870 725 1057 800 BEATA
1087 727 1284 803 MARIA.

362 943 387 994 ι.
410 903 516 990 Beata
531 943 567 1001 es
582 923 689 1007 Virgo
705 931 739 987 et
754 921 909 1006 gloriosa,

357 1073 385 1122 2.
409 1057 502 1120 Inter
517 1073 635 1119 omnes
651 1053 806 1118 mulieres
821 1073 856 1117 es
872 1052 1057 1133 benedicta,

358 1171 385 1236 3.
409 1152 519 1234 Super
534 1147 653 1215 choros
669 1149 864 1232 angelorum
882 1169 917 1213 es
930 1128 1144 1231 veneranda3

355 1299 385 1360 4
409 1279 544 1345 Gabriel
560 1279 643 1343 haec
659 1279 773 1343 dicens
789 1277 902 1343 attulit
918 1277 1042 1344 affata:

359 1381 415 1458 5.‘
418 1377 554 1440 'Paries
570 1373 685 1452 filium,
700 1374 832 1456 Virgo
824 1384 958 1453 intacta,

355 1509 384 1573 6.
410 1508 502 1572 lesus
518 1509 582 1572 erit
597 1529 720 1573 nomen
738 1510 821 1574 Eius
837 1517 958 1574 cuncta
975 1530 1033 1593 per
1049 1510 1166 1575 saecla.
1179 1511 1195 1540 ''

356 1621 385 1685 7.
409 1603 505 1688 Quae
521 1604 611 1669 dicta
627 1614 706 1668 sunt
721 1605 765 1669 de
780 1614 814 1670 te
830 1605 975 1670 iamiam
993 1615 1071 1671 sunt
1086 1617 1231 1690 peracta,

357 1738 384 1801 8.
409 1734 577 1818 Quoniam
595 1755 639 1798 ex
655 1743 689 1800 te
705 1733 859 1800 Christus
876 1744 1040 1800 natusest
1057 1735 1090 1799 in
1108 1756 1196 1813 arva,

355 1849 384 1912 9.
409 1833 519 1908 Dete,
536 1831 649 1896 Mater
664 1840 766 1910 casta,
781 1831 952 1914 processit,
969 1831 1087 1896 Maria.

338 1978 382 2026 10.
407 1960 492 2039 Ave,
522 1961 672 2043 speciosa
689 1961 721 2024 in
737 1959 838 2035 caelis
854 1963 978 2044 regina·

337 2075 383 2124 11.
407 2057 453 2122 Et
469 2057 646 2122 benedicta
662 2057 694 2120 in
711 2066 883 2122 aeternum
900 2065 1024 2121 sancta.

350 2235 561 2365 'uigcisclrtlst'
585 2230 698 2284 Partis:
720 2227 792 2285 Bibl.
815 2229 891 2299 Nat,
907 2241 983 2298 1107,
998 2228 1097 2284 Missel
1122 2229 1159 2286 de
1179 2229 1308 2300 l’abbaye
1328 2229 1366 2285 de
1388 2229 1590 2299 saint-Denys,

330 2317 422 2368 xrv‘sr
468 2326 493 2379 e,
544 2350 551 2366 .

334 2529 343 2583 ¹
367 2449 554 2584 (ἲεῑῐεάΡῐὲεε
557 2447 631 2584 {tait
640 2447 761 2504 chautee
774 2447 877 2502 allork
890 2461 1002 2505 comme
1013 2447 1138 2519 Repons,
1149 2446 1232 2517 apres
1246 2447 1273 2502 la
1286 2447 1403 2518 6⁰lecon
1417 2448 1454 2503 de
1465 2447 1590 2503 Matines

345 2545 361 2585 e
370 2545 436 2599 jour
468 2544 485 2584 e
529 2545 563 2583 oe

366 2695 381 2734 2
400 2689 428 2735 et
442 2679 526 2733 Brev.
535 2677 686 2733 Eboracen.

365 2774 381 2830 3
401 2760 484 2815 Cette
497 2758 623 2816 clausule
643 2773 766 2828 manque
779 2756 815 2811 ici
808 2755 901 2812 'dans
915 2755 958 2810 M.
977 2765 1005 2810 et
1019 2756 1090 2812 dans
1101 2756 1187 2811 Brea.
1192 2755 1345 2812 Eboracen.
1375 2757 1458 2810 Nous
1478 2755 1505 2811 la
1518 2756 1589 2810 r6ta-

329 2839 452 2895 blissons
466 2836 576 2908 d'apres
589 2837 615 2892 le
630 2837 730 2892 Missel
743 2837 779 2891 de
791 2837 933 2905 Toumay.

367 2933 380 2988 5
401 2919 518 2974 Pariens
531 2919 618 2972 Brev.
623 2917 775 2970 Eboracen.

362 2999 380 3052 6
398 2999 511 3054 saecula
524 2999 609 3051 Brea.
615 2997 767 3050 Eboracen

364 3091 379 3146 7
399 3079 425 3132 Α
438 3078 465 3132 la
478 3077 551 3133 suite
562 3076 597 3131 de
610 3085 684 3131 cette
697 3074 832 3144 clausule,
845 3091 882 3129 on
893 3073 924 3129 lit
938 3075 1010 3129 dans
1023 3075 1081 3129 M:

682 3156 778 3225 Super
794 3155 891 3209 choros
909 3143 1076 3224 angelor'um
1095 3154 1230 3209 exaltata.

365 3239 438 3294 C’est
458 3239 485 3292 la
504 3237 630 3292 clausule
650 3251 665 3304 3
685 3235 797 3290 alteree

365 3319 381 3372 8
401 3317 497 3372 Hodie
511 3333 545 3370 ex
559 3326 586 3371 te
599 3316 642 3370 M.
657 3315 743 3369 Brea.
751 3315 903 3369 Eboracen.
931 3313 959 3368 in
973 3324 1048 3369 terra
1057 3314 1147 3370 Brev
1152 3314 1303 3368 Eboracen.

349 3413 381 3452 to
400 3395 530 3467 speciosa
543 3405 571 3450 et
584 3395 655 3450 caeli
670 3394 768 3464 regina
781 3394 824 3450 M.

350 3492 377 3531 11
399 3475 570 3532 benedicta'
563 3485 636 3530 mter
649 3491 749 3529 omnes
763 3484 863 3528 sancta
872 3473 915 3528 M.

362 3556 453 3628 Apres
467 3565 542 3610 cette
560 3553 694 3622 clausule,
708 3571 745 3607 on
760 3553 790 3608 lit
806 3553 878 3606 dans
893 3553 947 3606 M:
966 3551 1042 3622 Quia
1054 3569 1136 3622 quem
1158 3553 1227 3607 caeli
1248 3550 1357 3624 [capere
1377 3569 1433 3606 non
1445 3555 1587 3622 poterant,

326 3645 376 3693 tuo
384 3636 495 3708 gremio
507 3631 674 3704 contulisti]
698 3633 785 3687 Doxa
798 3633 886 3686 Patn'
907 3637 1017 3702 semper
1027 3633 1163 3703 ingenito,
1179 3639 1344 3687 cunctorum
1359 3631 1509 3686 conditori
1519 3633 1587 3698 Deo,

325 3719 462 3787 Prolr'que
475 3715 551 3769 Suae
562 3714 596 3769 de
614 3713 802 3783 Virgr'nehut‘c
811 3713 916 3766 mundo
926 3718 1018 3781 natae,
1028 3718 1057 3766 et
1071 3713 1095 3766 C
1093 3712 1251 3766 onsolatori
1261 3713 1344 3768 almo.
1359 3742 1392 3751 ·-
1406 3713 1488 3766 Cette
1501 3712 1587 3765 doxo-

325 3802 400 3872 logie
413 3810 456 3857 est
469 3815 524 3856 une
537 3797 738 3868 interpolation
751 3797 890 3852 evidente.

634 4033 717 4104 254.
749 4009 825 4084 ne
857 4009 1045 4084 ΒΕΑΤΑ
1075 4009 1270 4085 manin.

635 4221 647 4266 1
1262 4219 1280 4264 2

370 4321 591 4400 Mundamini,
608 4323 827 4400 mundamini,
1002 4319 1098 4386 Haec
1114 4331 1165 4385 est
1182 4319 1238 4383 illa
1255 4317 1424 4394 mirabilis,

368 4418 543 4483 laudantes
560 4418 706 4483 Matrem
725 4419 872 4496 Domini,
999 4417 1054 4481 illa
1073 4416 1345 4498 incomparabilis

368 4524 403 4578 ut
421 4515 564 4579 mundas
581 4515 727 4578 mundae
748 4515 867 4598 virgini
1000 4534 1086 4596 quae
1102 4521 1217 4596 partus
1235 4510 1411 4575 ineffabilis

411 4611 526 4675 laudes
542 4609 679 4674 solvatis
696 4610 804 4674 hodie.
1043 4610 1227 4673 novitatem
1245 4606 1407 4670 exhibuit.

369 4707 489 4770 Honor
504 4707 548 4770 sit
565 4706 708 4771 Summo
725 4707 874 4784 Numini‚
1003 4706 1097 4769 Haec
1114 4713 1165 4767 est
1181 4704 1279 4767 arbor
1295 4701 1446 4784 perutilis

368 4801 516 4885 Eiusque
532 4801 604 4866 solo
620 4803 758 4879 nomini,
998 4800 1132 4864 sublimi
1149 4799 1256 4864 fructu
1274 4796 1400 4875 fertilis,

365 4897 455 4982 quod
472 4897 661 4980 preparavit
677 4897 804 4960 homini
995 4897 1090 4979 virgo
1108 4904 1214 4959 mater
1230 4904 1263 4958 et
1279 4892 1423 4970 humilis,

409 5001 523 5057 tantae
539 5003 726 5056 matronam
744 4995 880 5075 gratiae.
1040 5012 1126 5074 quae
1141 4990 1223 5055 caeli
1242 4989 1370 5071 Regem
1388 4989 1513 5070 genuit.
