4094 5796
642 527 784 578 PROSAE
812 526 1015 576 ECCLESIAE
1042 525 1263 577 VCECIENSIS

599 755 627 803 1.
659 731 735 804 DE
765 731 967 806 SVMMA
996 731 1331 804 TRINlTATE.

541 984 546 995 Ι
646 932 655 976 1

381 1055 508 1132 Unum,
523 1053 670 1135 simplex
687 1063 721 1117 et
738 1053 932 1134 perfectum,

381 1150 469 1234 quod
482 1149 689 1213 transcendit
708 1149 924 1227 intellectum,

425 1246 496 1309 Ens
510 1246 542 1308 in
554 1265 687 1308 summo
701 1244 823 1322 nobile,

383 1343 453 1406 Ens
470 1350 654 1418 aeternum,
672 1341 743 1403 Ens
756 1361 902 1417 necesse,

383 1457 485 1520 perse
502 1435 610 1500 solum
627 1436 755 1499 habens
768 1455 849 1514 esse,

426 1553 574 1610 movens,
590 1541 623 1596 et
641 1531 828 1610 immobile;

643 1687 660 1732 2

384 1809 484 1893 Quod
502 1829 562 1873 nec
579 1818 712 1890 tempus
726 1825 838 1870 secum
851 1806 946 1888 rapit,

384 1927 492 1988 neque
509 1906 601 1969 locus
613 1905 645 1966 in
663 1924 698 1966 se
715 1903 816 1984 capit,

427 2003 479 2065 cui
497 2021 563 2064 non
577 2009 628 2063 est
644 1999 808 2072 accidenS,

385 2099 507 2162 Factor
517 2097 608 2172 lucie,
622 2095 731 2158 Dator
742 2094 839 2170 vitae,

386 2195 483 2258 Mens
499 2191 630 2257 virtutis
644 2189 802 2266 infinitae,
886 2236 888 2241 .

429 2291 528 2354 Mens
545 2288 655 2352 sutura
670 2287 884 2369 praevidens;

651 2439 668 2502 3

388 2556 478 2619 Fons
494 2555 598 2619 totius
614 2555 776 2619 bonitatis

389 2651 549 2734 impertiri
567 2649 681 2715 volens
698 2652 802 2733 gratis

433 2767 527 2810 suam
545 2747 675 2810 cunctis
691 2748 834 2828 copiam,

390 2843 515 2907 Totum
532 2851 652 2925 potens
668 2851 777 2906 totum
796 2845 898 2919 novit,

390 2949 424 3002 et
440 2939 482 3001 ad
499 2957 635 3000 omnem
652 2957 688 3001 se
698 2938 834 3001 devovit

435 3033 624 3097 faciendam
641 3034 794 3115 gratiam.

651 3185 674 3247 4

395 3311 512 3394 Agens
528 3321 641 3376 tamen
656 3333 722 3376 non
740 3321 892 3391 vexatur,

395 3407 453 3470 sed
471 3427 531 3471 nec
547 3408 655 3472 sciens
670 3417 862 3489 occupatur,

440 3502 553 3567 nectit
571 3523 696 3585 pauper
714 3523 893 3566 munerans
901 3524 923 3581 ;¹

399 3597 480 3662 Solo
491 3599 594 3662 verbo
606 3609 727 3662 cuncta
742 3609 841 3677 creat,

397 3695 498 3758 verbo
510 3695 619 3771 docet,
631 3695 734 3758 verbo
750 3695 837 3772 beat,

441 3789 592 3853 Verbum
608 3810 654 3852 ex
671 3809 715 3866 se,
730 3809 902 3872 generans.

654 3931 668 3997 5

401 4051 551 4116 Verbum
568 4073 612 4114 ex
629 4071 664 4115 se
675 4073 734 4135 par
750 4073 793 4115 ex
811 4053 892 4134 pari,

402 4149 494 4210 cuius
511 4148 627 4231 nequit
643 4149 789 4211 enarrari

447 4243 530 4306 mira
546 4243 727 4326 generatio,

405 4338 531 4402 Natum
545 4339 633 4401 enim
647 4338 784 4401 verbum
803 4341 906 4404 menti

404 4445 617 4497 coaeternum
634 4443 684 4497 est
696 4433 849 4515 gignenti

449 4539 482 4592 et
498 4549 601 4592 unum
619 4528 652 4591 in
669 4528 744 4594 alio.

1264 915 1284 974 6

1012 1051 1078 1115 Sed
1096 1060 1130 1114 et
1144 1051 1271 1114 Natum
1290 1049 1442 1114 Genitori

1013 1148 1116 1210 nectit
1133 1167 1235 1221 amor,
1245 1157 1278 1209 et
1295 1147 1401 1209 amori

1057 1244 1175 1307 ambos
1193 1243 1280 1306 idem
1298 1243 1441 1324 penitua

1013 1339 1122 1402 Amor
1139 1347 1275 1401 nectens
1291 1358 1384 1400 sacer
1402 1339 1529 1416 Flatus,

1014 1455 1032 1497 a
1048 1434 1181 1498 duobus
1198 1435 1388 1516 inspiratus,

1057 1531 1250 1612 procedenS,
1269 1549 1334 1592 nnn
1353 1531 1496 1610 genituS.

1015 1807 1141 1889 Nequit
1157 1816 1270 1869 tamen
1288 1805 1527 1886 comprehendi

1014 1903 1134 1966 modus
1150 1903 1222 1984 ipse
1239 1901 1459 1983 procedendi;

1060 2007 1153 2062 muta
1170 1997 1252 2060 fiant
1270 1997 1367 2060 labia.

1016 2093 1106 2159 Satis
1122 2094 1205 2158 dicis
1221 2113 1297 2156 cum
1317 2093 1462 2174 exponis

1017 2190 1126 2252 Deum
1144 2191 1267 2253 trinum
1286 2190 1318 2251 in
1338 2189 1502 2264 Personis,

1060 2306 1163 2348 unum
1181 2286 1213 2348 in
1231 2286 1385 2349 essentia.

1271 2424 1290 2485 8

1020 2555 1099 2619 Non
1115 2565 1193 2619 sunt
1209 2575 1304 2632 unus,
1320 2557 1378 2619 sed
1395 2565 1473 2620 sunt
1490 2574 1606 2632 unum,

1020 2660 1087 2714 tres
1104 2661 1154 2715 est
1170 2673 1228 2714 eos
1245 2661 1483 2734 opportunum,

1065 2757 1098 2810 et
1114 2768 1180 2810 non
1198 2749 1261 2810 tria
1277 2749 1396 2810 dicere.

1022 2842 1089 2907 Sed
1106 2844 1197 2926 quod
1215 2843 1404 2906 Deusunus
1420 2842 1537 2920 trinus,

1021 2938 1076 3000 ubi
1091 2939 1197 3001 maius
1211 2939 1256 3001 nil
1273 2939 1452 3001 autminus

1067 3031 1266 3097 confitemur
1283 3035 1393 3096 libere.

1275 3189 1296 3250 9

1026 3313 1099 3376 Nos
1115 3314 1157 3376 ad
1175 3323 1290 3377 tantae
1307 3313 1465 3377 Trinitati

1025 3409 1235 3472 serviendum
1253 3429 1368 3471 sumus
1385 3409 1472 3483 nati;

1073 3503 1144 3568 Sibi
1161 3503 1233 3566 laus
1250 3515 1283 3566 et
1296 3504 1411 3584 gloria.

1031 3598 1223 3663 Serviamus
1241 3599 1282 3661 Ei
1299 3599 1371 3674 soli,

1027 3695 1107 3777 quia
1119 3693 1191 3757 sola
1206 3695 1310 3776 digna
1323 3694 1396 3770 coli,

1072 3789 1143 3852 sola
1159 3789 1262 3872 digna
1279 3789 1384 3854 latria.

1276 3935 1314 3980 10

1034 4052 1117 4131 Ave,
1136 4054 1242 4132 Pater,
1259 4053 1345 4129 Rex,
1362 4053 1509 4129 Creator,

1033 4168 1103 4226 ave,
1120 4149 1193 4226 Fili,
1212 4151 1298 4224 Lux,
1311 4147 1477 4224 Salvator,

1077 4264 1147 4321 ave,
1164 4243 1238 4310 Pax
1254 4253 1287 4305 et
1305 4241 1469 4309 Charitas,

1034 4337 1119 4417 Ave,
1133 4339 1298 4420 Simplex,
1314 4358 1384 4416 ave,
1400 4339 1512 4416 Trine,

1034 4454 1105 4511 ave,
1121 4455 1265 4516 regnans
1282 4436 1353 4495 sine
1364 4431 1438 4511 fine,

1082 4529 1160 4595 Una
1175 4529 1316 4593 Summa
1333 4517 1490 4594 Trinitas.
