4102 5792
492 525 565 596 454

801 711 815 778 5

539 813 660 876 Arbori
678 811 744 874 iani
761 827 897 874 casurae

538 911 695 993 apposuit
711 929 746 972 se
762 927 885 984 secure,

538 1029 624 1090 quae
640 1007 760 1072 cecidit
782 1024 976 1069 econverso
992 1025 1000 1082 ;

539 1105 644 1189 Quasi
663 1105 854 1169 conflictum
873 1102 1007 1165 induxit

801 517 942 570 PROSAE
974 517 1176 570 ECCLESIAE
1208 516 1449 570 REDONENSIS
1484 515 1489 523 '

1429 714 1451 778 9

1170 808 1201 871 N
1206 827 1270 872 unc
1286 817 1419 886 terrore,
1436 829 1524 873 nunc
1541 810 1676 888 foetore,

1169 925 1258 970 nunc
1273 907 1335 970 sub
1352 907 1444 970 vario
1460 906 1571 972 colore

1170 1003 1274 1068 Satan
1292 1006 1401 1086 ipsum
1419 1005 1610 1069 molestavit
1626 1029 1633 1084 ;

1169 1102 1236 1166 Sed
1253 1103 1302 1164 vir
1318 1111 1454 1166 sanctus
1470 1103 1567 1185 signo
1582 1103 1688 1166 crucis

539 1203 703 1280 flammae,
720 1211 820 1266 vento
836 1203 916 1265 dum
934 1200 1107 1264 restrinxit
1167 1209 1201 1263 et
1216 1201 1368 1264 oratione
1384 1201 1485 1264 trucis

540 1302 730 1365 incendium
748 1301 824 1382 igne
840 1319 944 1363 verso.

541 1526 645 1590 Aliud
664 1525 777 1588 lanum
794 1525 973 1607 prostravit

542 1621 573 1683 in
592 1642 659 1704 quo
675 1621 856 1702 quemdam
874 1619 1047 1682 suscitavit

542 1736 640 1799 quem
660 1715 753 1798 plebs
770 1724 949 1798 martyrem
963 1713 1129 1790 credebat,

543 1810 609 1894 Qui
627 1811 737 1894 palam
754 1809 816 1874 suit
833 1819 975 1874 testatus

544 1909 634 1992 quod
652 1917 689 1973 ut
706 1907 758 1972 lur
774 1908 835 1972 luit
851 1916 990 1972 necatus

546 2025 606 2069 nec
622 2023 697 2068 cum
714 2005 838 2069 sanctis
854 2003 1056 2087 quiescebat.

804 2133 823 2198 7

547 2231 580 2294 H
585 2251 649 2294 unc
664 2231 745 2294 dum
762 2230 899 2314 quidam
913 2236 1086 2312 appeteret

544 2327 658 2408 gladio
674 2335 711 2390 ut
727 2326 902 2404 occideret,

544 2423 659 2485 divino
675 2432 757 2486 nutu
775 2422 898 2485 corruit
914 2443 920 2500 ;

547 2517 644 2580 Alter
659 2519 740 2581 dum
758 2517 879 2581 serrum
896 2518 1040 2582 vibraret

547 2623 583 2676 ut
601 2613 785 2676 Martinum
803 2614 902 2676 morti
918 2613 1021 2690 daret,

592 2708 711 2772 serrum
730 2729 795 2772 non
813 2710 1008 2792 comparuit.

808 2823 826 2884 8

547 2932 694 2996 Turbam
712 2933 906 2998 defunctum
925 2935 1084 2999 serentem

547 3028 727 3092 aestimans
745 3030 826 3092 ritus
843 3030 1007 3093 colentem

547 3125 685 3187 invitam
702 3135 790 3188 stare
807 3126 970 3208 compulit
986 3151 993 3206 ;

548 3219 625 3296 Sed,
641 3223 776 3302 cognita
793 3222 942 3300 veritate,

547 3317 595 3383 vir
611 3315 752 3380 affluens
769 3318 896 3399 pietate

546 3412 825 3492 impedimentum
843 3413 984 3477 sustulit.

1168 1296 1273 1361 hostis
1291 1306 1377 1362 artes
1393 1296 1601 1367 confutavit..

1426 1425 1465 1472 10

1173 1521 1282 1606 Quem
1301 1522 1405 1586 Satan
1423 1523 1653 1605 praecipitavit

1172 1619 1228 1701 pia
1244 1617 1351 1700 Virgo
1367 1619 1517 1683 visitavit

1218 1733 1293 1776 cum
1310 1723 1502 1778 sanctorum
1519 1715 1674 1797 agmine;

1174 1808 1295 1874 Costas
1312 1809 1433 1874 fractas
1449 1809 1606 1874 solidavit

1174 1907 1287 1969 linitas
1302 1907 1392 1989 quod
1410 1907 1602 1989 adportavit

1219 2003 1252 2065 in
1269 2001 1419 2086 ampulla
1435 2004 1583 2086 unguine

1428 2135 1461 2180 11

1176 2229 1368 2292 Maximum
1385 2248 1504 2293 navem
1522 2241 1694 2313 regentem
1757 2286 1759 2290 .

1175 2324 1588 2390 mmmmmmm

1218 2415 1338 2484 fluvius
1354 2421 1526 2486 absorbuit
1541 2443 1549 2501 ;

1176 2515 1287 2600 Quem
1304 2516 1348 2579 ab
1364 2538 1404 2580 eo
1420 2529 1596 2582 evocatum

1176 2623 1210 2677 et
1226 2611 1390 2694 proficisci
1407 2624 1561 2695 paratum

1221 2729 1303 2772 mox
1320 2729 1438 2772 sanum
1456 2710 1607 2775 restituit.

1431 2838 1467 2884 12

1175 2934 1269 2997 Deus
1284 2935 1341 3016 qui
1358 2953 1393 2998 es
1411 2935 1570 2998 mirabilis

1179 3031 1211 3092 in
1228 3029 1353 3092 sanctis
1370 3038 1403 3094 et
1420 3029 1607 3108 laudabilis

1176 3127 1286 3190 Tuam
1304 3125 1401 3188 nobis
1417 3126 1461 3189 da
1480 3128 1633 3207 gratiam,

1180 3224 1242 3286 Per
1258 3242 1358 3305 quam
1377 3221 1466 3286 mala
1481 3223 1687 3288 declinantes

1177 3328 1211 3382 et
1228 3339 1313 3400 quae
1329 3319 1420 3381 bona
1435 3328 1513 3382 sunt
1529 3329 1697 3384 sectantes

1220 3434 1407 3477 mereamur
1422 3413 1574 3496 gloriam.

539 3591 734 3642 Manusortt.
758 3589 871 3643 Parus:
892 3588 964 3644 Bibl.
980 3591 1006 3642 N
1010 3599 1056 3658 at,
1074 3589 1149 3658 1098,
1164 3589 1263 3644 Missel
1277 3588 1312 3644 de
1327 3591 1450 3658 Rennes,
1463 3589 1520 3644 xive
1530 3589 1623 3659 siecle,
1643 3591 1673 3643 Υ.

541 3725 592 3776 ad
624 3719 745 3776 invictus
763 3721 794 3776 Y.

541 3812 591 3876 5b
622 3805 755 3875 opposuit
774 3807 805 3861 Υ.

539 3893 590 3956 9h
622 3896 683 3941 atro
702 3887 733 3941 Y.
747 3903 810 3941 vers
824 3887 897 3942 faux.

524 3983 586 4023 110
617 3966 889 4036 filius(!)Redonen.

744 4207 828 4275 32²·
859 4181 933 4254 DE
966 4181 1191 4256 SANCTO
1223 4182 1528 4259 MACLOVIO.

813 4385 823 4429 1

547 4479 668 4543 Omnis
686 4499 796 4554 sexus¹
814 4481 923 4542 omnis
940 4489 1032 4544 aetas

546 4575 627 4638 dent
644 4573 806 4638 Machuto
823 4575 939 4638 laudes
955 4576 1059 4640 laetas

589 4671 764 4733 Britonum
782 4671 948 4754 signifer0,

1440 4383 1457 4429 2

1181 4479 1318 4562 Quanta
1334 4477 1426 4543 fulsit
1442 4481 1629 4556 sanctitate,

1177 4584 1303 4658 quanta
1320 4575 1408 4638 luxit
1424 4576 1550 4658 pietate

1220 4673 1315 4754 signa
1332 4672 1477 4754 probant
1491 4671 1583 4734 varia
1597 4693 1604 4750 ;

545 4767 607 4829 Per
623 4787 721 4848 quem
740 4767 848 4850 primo
865 4777 942 4831 sunt
959 4769 1108 4834 conversi
1179 4768 1280 4832 Hunc
1296 4777 1452 4850 parentes
1469 4787 1535 4830 non
1554 4767 1660 4831 exiles

544 4860 697 4925 infideles
713 4872 747 4926 et
762 4865 907 4945 perversi

586 4959 688 5022 verbo
705 4957 885 5024 salutifero.

1175 4883 1320 4947 genuere
1337 4865 1403 4927 iam
1421 4863 1541 4928 seniles

1219 4959 1283 5022 Dei
1300 4960 1519 5042 providentia.
