4102 5790
513 505 582 592 164
806 521 948 570 mosne
976 519 1178 571 accrasmv:
1205 519 1498 570 nsuaouoeusrs

575 788 641 872 Qui
658 789 737 850 dum
756 716 889 850 carriem
906 785 1085 850 domitavit
1202 785 1345 862 Thoma,
1360 715 1493 867 praedul
1510 785 1662 867 gloriose,

618 886 780 967 pungenti
796 884 914 960 cilicio,
1250 881 1419 944 circumda
1436 881 1610 964 praesidiis

575 981 656 1046 Sese
672 980 797 1044 Christi
813 979 981 1043 dedicavit
1205 977 1327 1042 Servos
1344 987 1419 1042 tuos
1434 979 1589 1060 gratiose,

616 1076 760 1140 hostiam
777 1075 920 1139 servitio.
1247 1093 1383 1137 servans
1400 1074 1431 1136 in
1450 1076 1622 1157 angustiis.

542 1253 736 1304 Manuscrlt.
762 1248 915 1302 Oxroltn:
938 1247 1105 1318 University
1119 1249 1199 1317 Coil.‚
1215 1249 1315 1304 Missel
1328 1249 1364 1304 de
1385 1250 1535 1320 Herelord,
1544 1267 1607 1305 vers
1622 1265 1696 1320 1390,
1709 1249 1767 1306 OC.

543 1369 625 1423 Certe
640 1370 727 1424 Prose
741 1385 758 1422 a
771 1367 815 1421 ere
829 1367 921 1422 editae
935 1383 986 1436 par
999 1369 1210 1423 Hauoausou.

546 1498 555 1536 r
572 1489 593 1537 b
624 1485 773 1538 sollemnia
789 1483 843 1537 OC.
859 1484 1076 1537 Havnarrsov.

625 1776 702 1826 112.
737 1752 811 1824 oa
841 1751 881 1825 s,
905 1751 1211 1824 RAPHAELE
1242 1702 1648 1829 Aucunuoeuo.

815 1981 825 2026 ¹
1440 1983 1463 2044 4

550 2077 674 2140 Missus
689 2085 749 2152 est,
765 2077 807 2138 de
822 2075 962 2138 summis
979 2072 1089 2151 caeliS,
1180 2074 1217 2138 In
1236 2075 1370 2152 siccum,
1382 2097 1481 2158 quem
1498 2080 1718 2155 exenteravit,

550 2171 711 2255 Raphael‚
728 2181 764 2234 ut
781 2170 930 2233 Tobieiis
1221 2183 1287 2239 cor,
1304 2163 1356 2240 iel,
1374 2163 1463 2226 iecur
1479 2167 1667 2242 reservavit,

590 2269 687 2332 tollat
703 2268 924 2342 caecitatem:
1267 2268 1304 2321 ut
1321 2279 1389 2320 rem
1408 2260 1641 2323 medicantem.

559 2366 647 2440 Post,
664 2371 709 2438 ut,
726 2362 874 2424 medicus
891 2359 1005 2436 fidelis,
1221 2353 1379 2417 Azariam
1396 2356 1592 2432 obsecravit,

548 2461 660 2536 Sarae,
677 2466 775 2521 natae
794 2455 962 2536 Raguelis,
1222 2459 1255 2513 et
1271 2450 1445 2513 confestim
1464 2449 1624 2514 indicavit

589 2557 647 2618 det
663 2552 911 2615 secunditatem.
1264 2547 1330 2608 vim
1350 2548 1483 2609 morbos
1499 2557 1684 2612 sanantem.

809 2667 827 2712 2

548 2753 580 2816 A
597 2761 692 2834 patre
708 2770 789 2832 puer
808 2748 959 2826 mittitur,
1435 2705 1457 2840 ‘5

546 2858 579 2912 et
595 2847 778 2911 conductor
794 2845 992 2927 requiritur:
1224 2823 1319 2934 Hae?
1335 2823 1488 2934 d0⁰tslss³
1504 2827 1720 2908 approbatur,

590 2944 632 3007 ad
650 2943 736 3006 sores
753 2943 914 3023 reperitur
1221 2920 1330 2982 verbis
1346 2939 1461 3030 praxis
1477 2933 1642 3004 operatur,

589 3041 776 3103 succinctus
792 3039 942 3102 Azafiaffi
1263 3035 1338 3078 cum
1355 3027 1507 3098 spirltum
1525 3017 1662 3127 fugavit.

546 3137 674 3200 Tobiae
690 3135 920 3210 introducitur,
1263 3111 1297 3173 Α
1314 3111 1397 3176 Sara
1413 3123 1614 3195 septemvira

544 3232 664 3297 deviis
682 3231 773 3294 Medi
791 3229 924 3310 petitus,
1263 3207 1379 3270 iecoris
1395 3208 1426 3270 vi
1443 3209 1608 3311 praem-ira
1631 3298 1638 3312 ⁹

588 3337 622 3391 et
637 3328 750 3389 statim
768 3325 981 3388 conceditur:
1261 3295 1460 3358 daefflfflleffl
1477 3307 1654 3361 extslcavlt

588 3416 631 3478 ad
650 3415 762 3495 Rages
779 3414 872 3475 novit
889 3413 966 3476 vias
1436 3456 1457 3516 6

545 3614 600 3677 Ad
619 3613 729 3696 Tigris
747 3528 840 3674 lituis
857 3613 960 3693 pedes
977 3611 1059 3674 lavit
1262 3610 1446 3676 Celebratis
1464 3612 1600 3693 nuptiis,

587 3710 791 3783 adolescens
804 3717 836 3768 et
852 3707 991 3789 expavit
1216 3706 1333 3768 solutis
1350 3717 1383 3769 et
1399 3709 1565 3788 argenteis

631 3805 755 3886 piscem
773 3802 980 3864 inhiantem:
1305 3803 1440 3866 talentis
1459 3804 1600 3885 Ragueli

542 3905 558 3932 “
571 3900 622 3962 En
642 3921 694 3962 mc
712 3898 838 3959 invadit
852 3897 858 3958 l
872 3897 887 3922 ’¹
904 3897 1108 3960 exclamavit
1122 3919 1129 3975 ;
1263 3897 1365 3961 Redit
1381 3919 1455 3960 cum
1473 3901 1598 3962 divitiis

586 3996 638 4057 cui
659 3993 809 4076 Raphael
827 3994 1004 4073 imperavit
1219 3991 1346 4054 Tobias
1363 4003 1395 4056 et
1412 3995 1608 4058 substantiis
1624 4015 1631 4072 ;

629 4091 715 4153 trahi
732 4089 953 4171 palpitantem
1303 4087 1375 4151 laus
1391 4089 1435 4152 sit
1452 4089 1526 4152 Deo
1542 4089 1633 4153 caeli.

1122 4189 1140 4255 7

903 4286 969 4369 Qui
987 4285 1064 4349 selle
1081 4287 1212 4351 sanavit
1228 4307 1364 4350 caecum

945 4393 977 4446 et
994 4383 1171 4446 redonavit
1186 4383 1310 4458 lumen,

902 4479 1010 4540 Nobis
1027 4479 1217 4542 condonare
1234 4478 1357 4543 Secum

942 4575 1000 4638 det
1017 4575 1258 4656 sempiternum
1276 4575 1422 4641 Numen.

534 4731 615 4786 Certe
629 4732 716 4785 Prose
729 4747 746 4784 a
759 4729 803 4783 ete
816 4729 910 4784 editee
923 4747 973 4800 par
989 4729 1201 4784 Heuosusou.

529 4859 544 4897 2
559 4849 581 4898 b
610 4844 753 4914 quaeritur·
767 4845 935 4914 Hersora'cn.
971 4845 1009 4897 Le
1024 4843 1214 4912 parallelisme
1227 4845 1307 4913 exige
1321 4847 1488 4916 requiritur.

528 4937 579 4989 4a
612 4925 651 4978 Ce
665 4941 728 4978 vers
746 4933 859 4993 compte
880 4940 934 4978 unc
949 4924 1057 4992 syllabe
1077 4923 1113 4976 de
1127 4933 1198 4994 trop.
1232 4929 1245 4977 t
1280 4925 1323 4978 his
1342 4934 1492 4980 sanantem
1512 4927 1680 4994 Hersmderr.
1713 4927 1758 4982 his

495 5002 555 5057 doit
568 5003 744 5071 disparaitre.
