<?xml version="1.0" encoding="UTF-8"?>
<!DOCTYPE html PUBLIC "-//W3C//DTD XHTML 1.0 Transitional//EN"
    "http://www.w3.org/TR/xhtml1/DTD/xhtml1-transitional.dtd">
<html xmlns="http://www.w3.org/1999/xhtml" xml:lang="en" lang="en">
 <head>
  <title>
</title>
<meta http-equiv="Content-Type" content="text/html;charset=utf-8" />
  <meta name='ocr-system' content='tesseract 3.04.00' />
  <meta name='ocr-capabilities' content='ocr_page ocr_carea ocr_par ocr_line ocrx_word'/>
</head>
<body>
  <div class='ocr_page' id='page_1' title='image "./analectaliturgi00wealgoog/analectaliturgi00wealgoog_0457.png"; bbox 0 0 4102 5792; ppageno 0'>
   <div class='ocr_carea' id='block_1_1' title="bbox 458 511 1370 590">
    <p class='ocr_par' dir='ltr' id='par_1_1' title="bbox 458 511 1370 590">
     <span class='ocr_line' id='line_1_1' title="bbox 458 511 1370 590; baseline -0.011 -18"><span class='ocrx_word' id='word_1_1' title='bbox 458 521 532 590; x_wconf 83' lang='grc'>450</span> <span class='ocrx_word' id='word_1_2' title='bbox 728 515 871 568; x_wconf 86' lang='lat' dir='ltr'>PROSAE</span> <span class='ocrx_word' id='word_1_3' title='bbox 898 513 1102 566; x_wconf 80' lang='lat' dir='ltr'>ECCLESIAE</span> <span class='ocrx_word' id='word_1_4' title='bbox 1130 511 1370 564; x_wconf 87' lang='lat' dir='ltr'>REDONENSIS</span> 
     </span>
    </p>
   </div>
   <div class='ocr_carea' id='block_1_2' title="bbox 734 763 1424 864">
    <p class='ocr_par' dir='ltr' id='par_1_2' title="bbox 734 763 1424 864">
     <span class='ocr_line' id='line_1_2' title="bbox 734 763 1424 864; baseline -0.006 -22"><span class='ocrx_word' id='word_1_5' title='bbox 734 789 816 864; x_wconf 76' lang='lat'>317.</span> <span class='ocrx_word' id='word_1_6' title='bbox 849 768 923 842; x_wconf 81' lang='lat' dir='ltr'>DE</span> <span class='ocrx_word' id='word_1_7' title='bbox 955 765 1178 841; x_wconf 79' lang='lat' dir='ltr'>snucro</span> <span class='ocrx_word' id='word_1_8' title='bbox 1209 763 1424 839; x_wconf 75' lang='lat' dir='ltr'>sonno,</span> 
     </span>
    </p>
   </div>
   <div class='ocr_carea' id='block_1_3' title="bbox 475 1013 1360 1198">
    <p class='ocr_par' dir='ltr' id='par_1_3' title="bbox 475 1013 1360 1198">
     <span class='ocr_line' id='line_1_3' title="bbox 478 1013 1360 1083; baseline -0.007 -1"><span class='ocrx_word' id='word_1_9' title='bbox 478 1039 502 1082; x_wconf 91' lang='lat'>1.</span> <span class='ocrx_word' id='word_1_10' title='bbox 527 1018 738 1083; x_wconf 87' lang='lat' dir='ltr'>Sanctissimi</span> <span class='ocrx_word' id='word_1_11' title='bbox 755 1017 945 1082; x_wconf 86' lang='lat' dir='ltr'>veneranda</span> <span class='ocrx_word' id='word_1_12' title='bbox 961 1015 1167 1080; x_wconf 86' lang='lat' dir='ltr'>celebremus</span> <span class='ocrx_word' id='word_1_13' title='bbox 1184 1013 1360 1079; x_wconf 89' lang='lat' dir='ltr'>sollemnia</span> 
     </span>
     <span class='ocr_line' id='line_1_4' title="bbox 475 1113 1298 1198; baseline -0.002 -19"><span class='ocrx_word' id='word_1_14' title='bbox 475 1136 500 1179; x_wconf 91' lang='lat'>2.</span> <span class='ocrx_word' id='word_1_15' title='bbox 527 1116 650 1198; x_wconf 79' lang='lat' dir='ltr'>Egidii,</span> <span class='ocrx_word' id='word_1_16' title='bbox 667 1115 865 1179; x_wconf 87' lang='lat' dir='ltr'>admiranda</span> <span class='ocrx_word' id='word_1_17' title='bbox 882 1114 1121 1196; x_wconf 88' lang='lat' dir='ltr'>praeminentis</span> <span class='ocrx_word' id='word_1_18' title='bbox 1138 1113 1298 1195; x_wconf 89' lang='lat' dir='ltr'>potentia.</span> 
     </span>
    </p>
   </div>
   <div class='ocr_carea' id='block_1_4' title="bbox 474 1244 1582 1426">
    <p class='ocr_par' dir='ltr' id='par_1_4' title="bbox 474 1244 1582 1426">
     <span class='ocr_line' id='line_1_5' title="bbox 476 1244 1440 1327; baseline -0.007 -15"><span class='ocrx_word' id='word_1_19' title='bbox 476 1265 502 1327; x_wconf 77' lang='lat'>3.</span> <span class='ocrx_word' id='word_1_20' title='bbox 527 1247 655 1324; x_wconf 87' lang='lat' dir='ltr'>Gaude,</span> <span class='ocrx_word' id='word_1_21' title='bbox 671 1249 756 1312; x_wconf 91' lang='lat' dir='ltr'>tanti</span> <span class='ocrx_word' id='word_1_22' title='bbox 773 1247 908 1310; x_wconf 90' lang='lat' dir='ltr'>luminis</span> <span class='ocrx_word' id='word_1_23' title='bbox 926 1246 1090 1308; x_wconf 88' lang='lat' dir='ltr'>illustrata</span> <span class='ocrx_word' id='word_1_24' title='bbox 1106 1245 1243 1327; x_wconf 79' lang='lat' dir='ltr'>fulgore,</span> <span class='ocrx_word' id='word_1_25' title='bbox 1260 1244 1440 1326; x_wconf 90' lang='lat' dir='ltr'>provincia,</span> 
     </span>
     <span class='ocr_line' id='line_1_6' title="bbox 474 1339 1582 1426; baseline -0.005 -19"><span class='ocrx_word' id='word_1_26' title='bbox 474 1365 504 1423; x_wconf 92' lang='lat'>4.</span> <span class='ocrx_word' id='word_1_27' title='bbox 529 1345 691 1426; x_wconf 87' lang='lat' dir='ltr'>Magnum</span> <span class='ocrx_word' id='word_1_28' title='bbox 709 1343 768 1407; x_wconf 94' lang='lat' dir='ltr'>tibi</span> <span class='ocrx_word' id='word_1_29' title='bbox 785 1353 965 1426; x_wconf 91' lang='lat' dir='ltr'>patronum</span> <span class='ocrx_word' id='word_1_30' title='bbox 982 1343 1153 1424; x_wconf 87' lang='lat' dir='ltr'>generavit</span> <span class='ocrx_word' id='word_1_31' title='bbox 1170 1352 1203 1405; x_wconf 88' lang='lat' dir='ltr'>et</span> <span class='ocrx_word' id='word_1_32' title='bbox 1219 1341 1403 1404; x_wconf 87' lang='lat' dir='ltr'>transmisit</span> <span class='ocrx_word' id='word_1_33' title='bbox 1420 1339 1560 1403; x_wconf 89' lang='lat' dir='ltr'>Graecia</span> <span class='ocrx_word' id='word_1_34' title='bbox 1576 1361 1582 1416; x_wconf 91' lang='lat'>;</span> 
     </span>
    </p>
   </div>
   <div class='ocr_carea' id='block_1_5' title="bbox 474 1469 1142 1648">
    <p class='ocr_par' dir='ltr' id='par_1_5' title="bbox 474 1469 1142 1648">
     <span class='ocr_line' id='line_1_7' title="bbox 478 1469 1142 1552; baseline -0.008 -17"><span class='ocrx_word' id='word_1_35' title='bbox 478 1486 503 1550; x_wconf 86' lang='lat'>5.</span> <span class='ocrx_word' id='word_1_36' title='bbox 528 1469 594 1552; x_wconf 84' lang='lat' dir='ltr'>Qui</span> <span class='ocrx_word' id='word_1_37' title='bbox 611 1491 687 1534; x_wconf 91' lang='lat' dir='ltr'>cum</span> <span class='ocrx_word' id='word_1_38' title='bbox 705 1479 803 1533; x_wconf 91' lang='lat' dir='ltr'>natus</span> <span class='ocrx_word' id='word_1_39' title='bbox 819 1479 906 1532; x_wconf 90' lang='lat' dir='ltr'>esset</span> <span class='ocrx_word' id='word_1_40' title='bbox 923 1469 1026 1550; x_wconf 84' lang='lat' dir='ltr'>stirpe</span> <span class='ocrx_word' id='word_1_41' title='bbox 1042 1469 1142 1552; x_wconf 88' lang='lat' dir='ltr'>regia,</span> 
     </span>
     <span class='ocr_line' id='line_1_8' title="bbox 474 1566 1078 1648; baseline -0.007 -16"><span class='ocrx_word' id='word_1_42' title='bbox 474 1571 503 1632; x_wconf 89' lang='lat'>6.</span> <span class='ocrx_word' id='word_1_43' title='bbox 528 1569 574 1632; x_wconf 87' lang='lat' dir='ltr'>Et</span> <span class='ocrx_word' id='word_1_44' title='bbox 591 1567 720 1632; x_wconf 89' lang='lat' dir='ltr'>floreret</span> <span class='ocrx_word' id='word_1_45' title='bbox 736 1567 828 1630; x_wconf 92' lang='lat' dir='ltr'>omni</span> <span class='ocrx_word' id='word_1_46' title='bbox 846 1587 953 1628; x_wconf 89' lang='lat' dir='ltr'>rerum</span> <span class='ocrx_word' id='word_1_47' title='bbox 971 1566 1078 1648; x_wconf 90' lang='lat' dir='ltr'>copia,</span> 
     </span>
    </p>
   </div>
   <div class='ocr_carea' id='block_1_6' title="bbox 473 1693 1565 1874">
    <p class='ocr_par' dir='ltr' id='par_1_6' title="bbox 473 1693 1565 1874">
     <span class='ocr_line' id='line_1_9' title="bbox 475 1693 1541 1778; baseline -0.008 -16"><span class='ocrx_word' id='word_1_48' title='bbox 475 1715 501 1778; x_wconf 94' lang='lat'>7.</span> <span class='ocrx_word' id='word_1_49' title='bbox 525 1699 623 1762; x_wconf 87' lang='lat' dir='ltr'>Vana</span> <span class='ocrx_word' id='word_1_50' title='bbox 640 1697 842 1778; x_wconf 88' lang='lat' dir='ltr'>contempsit</span> <span class='ocrx_word' id='word_1_51' title='bbox 859 1697 974 1758; x_wconf 90' lang='lat' dir='ltr'>mundi</span> <span class='ocrx_word' id='word_1_52' title='bbox 991 1696 1115 1778; x_wconf 87' lang='lat' dir='ltr'>gaudia</span> <span class='ocrx_word' id='word_1_53' title='bbox 1131 1703 1164 1758; x_wconf 90' lang='lat' dir='ltr'>et</span> <span class='ocrx_word' id='word_1_54' title='bbox 1181 1693 1411 1758; x_wconf 90' lang='lat' dir='ltr'>blandimenta</span> <span class='ocrx_word' id='word_1_55' title='bbox 1429 1693 1541 1768; x_wconf 89' lang='lat' dir='ltr'>noxia,</span> 
     </span>
     <span class='ocr_line' id='line_1_10' title="bbox 473 1789 1565 1874; baseline -0.007 -16"><span class='ocrx_word' id='word_1_56' title='bbox 473 1798 500 1858; x_wconf 93' lang='lat'>8.</span> <span class='ocrx_word' id='word_1_57' title='bbox 526 1795 593 1858; x_wconf 87' lang='lat' dir='ltr'>Sua</span> <span class='ocrx_word' id='word_1_58' title='bbox 609 1795 693 1857; x_wconf 91' lang='lat' dir='ltr'>dans</span> <span class='ocrx_word' id='word_1_59' title='bbox 710 1792 845 1857; x_wconf 90' lang='lat' dir='ltr'>Christo</span> <span class='ocrx_word' id='word_1_60' title='bbox 862 1792 1071 1874; x_wconf 89' lang='lat' dir='ltr'>patrimonia,</span> <span class='ocrx_word' id='word_1_61' title='bbox 1087 1789 1210 1854; x_wconf 87' lang='lat' dir='ltr'>caelica</span> <span class='ocrx_word' id='word_1_62' title='bbox 1226 1810 1389 1874; x_wconf 88' lang='lat' dir='ltr'>quaerens</span> <span class='ocrx_word' id='word_1_63' title='bbox 1406 1789 1542 1872; x_wconf 88' lang='lat' dir='ltr'>praedia</span> <span class='ocrx_word' id='word_1_64' title='bbox 1559 1811 1565 1866; x_wconf 89' lang='lat'><strong>;</strong></span> 
     </span>
    </p>
   </div>
   <div class='ocr_carea' id='block_1_7' title="bbox 470 1922 1007 2003">
    <p class='ocr_par' dir='ltr' id='par_1_7' title="bbox 470 1922 1007 2003">
     <span class='ocr_line' id='line_1_11' title="bbox 470 1922 1007 2003; baseline -0.002 -18"><span class='ocrx_word' id='word_1_65' title='bbox 470 1941 499 2002; x_wconf 88' lang='lat'>9.</span> <span class='ocrx_word' id='word_1_66' title='bbox 524 1923 579 2000; x_wconf 90' lang='lat' dir='ltr'>Et,</span> <span class='ocrx_word' id='word_1_67' title='bbox 595 1922 698 1986; x_wconf 87' lang='lat' dir='ltr'>natali</span> <span class='ocrx_word' id='word_1_68' title='bbox 714 1922 873 1986; x_wconf 89' lang='lat' dir='ltr'>derelicta</span> <span class='ocrx_word' id='word_1_69' title='bbox 889 1923 1007 2003; x_wconf 90' lang='lat' dir='ltr'>patria,</span> 
     </span>
    </p>
   </div>
   <div class='ocr_carea' id='block_1_8' title="bbox 353 2018 1036 2100">
    <p class='ocr_par' dir='ltr' id='par_1_8' title="bbox 353 2018 1036 2100">
     <span class='ocr_line' id='line_1_12' title="bbox 353 2018 1036 2100; baseline -0.004 -15"><span class='ocrx_word' id='word_1_70' title='bbox 353 2073 355 2078; x_wconf 88' lang='lat'>.</span> <span class='ocrx_word' id='word_1_71' title='bbox 455 2039 500 2085; x_wconf 93' lang='lat'>10.</span> <span class='ocrx_word' id='word_1_72' title='bbox 525 2019 633 2082; x_wconf 88' lang='lat' dir='ltr'>Exsul</span> <span class='ocrx_word' id='word_1_73' title='bbox 649 2019 718 2082; x_wconf 89' lang='lat' dir='ltr'>alta</span> <span class='ocrx_word' id='word_1_74' title='bbox 735 2018 906 2100; x_wconf 89' lang='lat' dir='ltr'>navigavit</span> <span class='ocrx_word' id='word_1_75' title='bbox 923 2019 1036 2082; x_wconf 90' lang='lat' dir='ltr'>maria.</span> 
     </span>
    </p>
   </div>
   <div class='ocr_carea' id='block_1_9' title="bbox 455 2145 1420 2327">
    <p class='ocr_par' dir='ltr' id='par_1_9' title="bbox 455 2145 1420 2327">
     <span class='ocr_line' id='line_1_13' title="bbox 455 2145 1378 2230; baseline -0.004 -18"><span class='ocrx_word' id='word_1_76' title='bbox 455 2167 500 2212; x_wconf 90' lang='lat'>11.</span> <span class='ocrx_word' id='word_1_77' title='bbox 526 2147 613 2210; x_wconf 89' lang='lat' dir='ltr'>Mira</span> <span class='ocrx_word' id='word_1_78' title='bbox 630 2155 716 2224; x_wconf 92' lang='lat' dir='ltr'>sunt,</span> <span class='ocrx_word' id='word_1_79' title='bbox 732 2157 829 2230; x_wconf 88' lang='lat' dir='ltr'>pater</span> <span class='ocrx_word' id='word_1_80' title='bbox 845 2148 955 2229; x_wconf 89' lang='lat' dir='ltr'>Egidi,</span> <span class='ocrx_word' id='word_1_81' title='bbox 972 2157 1049 2210; x_wconf 89' lang='lat' dir='ltr'>tuae</span> <span class='ocrx_word' id='word_1_82' title='bbox 1066 2147 1197 2210; x_wconf 90' lang='lat' dir='ltr'>virtutis</span> <span class='ocrx_word' id='word_1_83' title='bbox 1214 2145 1378 2228; x_wconf 89' lang='lat' dir='ltr'>insignia:</span> 
     </span>
     <span class='ocr_line' id='line_1_14' title="bbox 456 2243 1420 2327; baseline -0.003 -19"><span class='ocrx_word' id='word_1_84' title='bbox 456 2263 500 2310; x_wconf 88' lang='lat'>12.</span> <span class='ocrx_word' id='word_1_85' title='bbox 526 2245 655 2327; x_wconf 87' lang='lat' dir='ltr'>Pauper</span> <span class='ocrx_word' id='word_1_86' title='bbox 672 2245 811 2308; x_wconf 89' lang='lat' dir='ltr'>vestitur</span> <span class='ocrx_word' id='word_1_87' title='bbox 827 2253 860 2306; x_wconf 92' lang='lat' dir='ltr'>et</span> <span class='ocrx_word' id='word_1_88' title='bbox 877 2263 976 2325; x_wconf 83' lang='lat' dir='ltr'>aeger</span> <span class='ocrx_word' id='word_1_89' title='bbox 991 2252 1049 2306; x_wconf 91' lang='lat' dir='ltr'>tua</span> <span class='ocrx_word' id='word_1_90' title='bbox 1066 2253 1202 2306; x_wconf 88' lang='lat' dir='ltr'>sanatur</span> <span class='ocrx_word' id='word_1_91' title='bbox 1218 2243 1396 2306; x_wconf 89' lang='lat' dir='ltr'>clementia</span> <span class='ocrx_word' id='word_1_92' title='bbox 1413 2265 1420 2320; x_wconf 79' lang='lat'><em>3</em></span> 
     </span>
    </p>
   </div>
   <div class='ocr_carea' id='block_1_10' title="bbox 454 2373 1370 2551">
    <p class='ocr_par' dir='ltr' id='par_1_10' title="bbox 454 2373 1370 2551">
     <span class='ocr_line' id='line_1_15' title="bbox 454 2373 1370 2455; baseline -0.002 -19"><span class='ocrx_word' id='word_1_93' title='bbox 454 2391 499 2454; x_wconf 87' lang='lat'>13.</span> <span class='ocrx_word' id='word_1_94' title='bbox 525 2374 627 2436; x_wconf 91' lang='lat' dir='ltr'>Dirus</span> <span class='ocrx_word' id='word_1_95' title='bbox 644 2375 762 2455; x_wconf 88' lang='lat' dir='ltr'>anguis</span> <span class='ocrx_word' id='word_1_96' title='bbox 779 2374 839 2436; x_wconf 93' lang='lat' dir='ltr'>tibi</span> <span class='ocrx_word' id='word_1_97' title='bbox 856 2374 953 2449; x_wconf 88' lang='lat' dir='ltr'>cedit,</span> <span class='ocrx_word' id='word_1_98' title='bbox 969 2373 1028 2435; x_wconf 90' lang='lat' dir='ltr'>sed</span> <span class='ocrx_word' id='word_1_99' title='bbox 1045 2383 1079 2435; x_wconf 91' lang='lat' dir='ltr'>et</span> <span class='ocrx_word' id='word_1_100' title='bbox 1095 2373 1168 2455; x_wconf 90' lang='lat' dir='ltr'>ipsa</span> <span class='ocrx_word' id='word_1_101' title='bbox 1183 2373 1370 2446; x_wconf 89' lang='lat' dir='ltr'>daemonia,</span> 
     </span>
     <span class='ocr_line' id='line_1_16' title="bbox 454 2467 1336 2551; baseline -0.002 -19"><span class='ocrx_word' id='word_1_102' title='bbox 454 2488 498 2548; x_wconf 92' lang='lat'>14.</span> <span class='ocrx_word' id='word_1_103' title='bbox 525 2469 632 2551; x_wconf 93' lang='lat' dir='ltr'>Loqui</span> <span class='ocrx_word' id='word_1_104' title='bbox 651 2479 761 2532; x_wconf 92' lang='lat' dir='ltr'>mutos</span> <span class='ocrx_word' id='word_1_105' title='bbox 778 2479 810 2531; x_wconf 92' lang='lat' dir='ltr'>et</span> <span class='ocrx_word' id='word_1_106' title='bbox 828 2468 963 2532; x_wconf 89' lang='lat' dir='ltr'>turbata</span> <span class='ocrx_word' id='word_1_107' title='bbox 978 2489 1094 2550; x_wconf 88' lang='lat' dir='ltr'>parere</span> <span class='ocrx_word' id='word_1_108' title='bbox 1110 2467 1191 2532; x_wconf 86' lang='lat' dir='ltr'>facis</span> <span class='ocrx_word' id='word_1_109' title='bbox 1208 2469 1312 2531; x_wconf 86' lang='lat' dir='ltr'>maria</span> <span class='ocrx_word' id='word_1_110' title='bbox 1328 2490 1336 2546; x_wconf 91' lang='lat'>;</span> 
     </span>
    </p>
   </div>
   <div class='ocr_carea' id='block_1_11' title="bbox 453 2601 1200 2780">
    <p class='ocr_par' dir='ltr' id='par_1_11' title="bbox 453 2601 1200 2780">
     <span class='ocr_line' id='line_1_17' title="bbox 453 2601 1188 2682; baseline 0 -18"><span class='ocrx_word' id='word_1_111' title='bbox 453 2615 499 2681; x_wconf 79' lang='lat'>15.</span> <span class='ocrx_word' id='word_1_112' title='bbox 524 2602 709 2682; x_wconf 91' lang='lat' dir='ltr'>Leprosum</span> <span class='ocrx_word' id='word_1_113' title='bbox 727 2620 823 2662; x_wconf 90' lang='lat' dir='ltr'>curas</span> <span class='ocrx_word' id='word_1_114' title='bbox 839 2610 872 2664; x_wconf 95' lang='lat' dir='ltr'>et</span> <span class='ocrx_word' id='word_1_115' title='bbox 888 2621 967 2664; x_wconf 89' lang='lat' dir='ltr'>arva</span> <span class='ocrx_word' id='word_1_116' title='bbox 982 2602 1043 2664; x_wconf 87' lang='lat' dir='ltr'>das</span> <span class='ocrx_word' id='word_1_117' title='bbox 1060 2601 1188 2678; x_wconf 84' lang='lat' dir='ltr'>fertilia,</span> 
     </span>
     <span class='ocr_line' id='line_1_18' title="bbox 453 2697 1200 2780; baseline 0.005 -22"><span class='ocrx_word' id='word_1_118' title='bbox 453 2699 497 2760; x_wconf 91' lang='lat'>16.</span> <span class='ocrx_word' id='word_1_119' title='bbox 522 2697 572 2759; x_wconf 93' lang='lat' dir='ltr'>Te</span> <span class='ocrx_word' id='word_1_120' title='bbox 588 2717 685 2759; x_wconf 89' lang='lat' dir='ltr'>cerva</span> <span class='ocrx_word' id='word_1_121' title='bbox 701 2698 807 2778; x_wconf 90' lang='lat' dir='ltr'>pascit</span> <span class='ocrx_word' id='word_1_122' title='bbox 824 2698 856 2759; x_wconf 94' lang='lat' dir='ltr'>in</span> <span class='ocrx_word' id='word_1_123' title='bbox 874 2697 965 2759; x_wconf 91' lang='lat' dir='ltr'>silvis</span> <span class='ocrx_word' id='word_1_124' title='bbox 982 2697 1078 2761; x_wconf 90' lang='lat' dir='ltr'>lactis</span> <span class='ocrx_word' id='word_1_125' title='bbox 1094 2699 1200 2780; x_wconf 88' lang='lat' dir='ltr'>copia.</span> 
     </span>
    </p>
   </div>
   <div class='ocr_carea' id='block_1_12' title="bbox 453 2827 1357 3199">
    <p class='ocr_par' dir='ltr' id='par_1_12' title="bbox 453 2827 1357 3199">
     <span class='ocr_line' id='line_1_19' title="bbox 453 2827 1357 2909; baseline 0.007 -21"><span class='ocrx_word' id='word_1_126' title='bbox 453 2843 497 2906; x_wconf 87' lang='lat'>17.</span> <span class='ocrx_word' id='word_1_127' title='bbox 523 2827 581 2904; x_wconf 90' lang='lat' dir='ltr'>Te,</span> <span class='ocrx_word' id='word_1_128' title='bbox 598 2837 701 2909; x_wconf 90' lang='lat' dir='ltr'>pater,</span> <span class='ocrx_word' id='word_1_129' title='bbox 717 2827 861 2892; x_wconf 90' lang='lat' dir='ltr'>honorat</span> <span class='ocrx_word' id='word_1_130' title='bbox 877 2849 936 2891; x_wconf 91' lang='lat' dir='ltr'>rex</span> <span class='ocrx_word' id='word_1_131' title='bbox 955 2829 1090 2894; x_wconf 88' lang='lat' dir='ltr'>Flavius</span> <span class='ocrx_word' id='word_1_132' title='bbox 1107 2839 1140 2894; x_wconf 91' lang='lat' dir='ltr'>et</span> <span class='ocrx_word' id='word_1_133' title='bbox 1156 2839 1228 2894; x_wconf 83' lang='lat' dir='ltr'>tota</span> <span class='ocrx_word' id='word_1_134' title='bbox 1244 2831 1335 2894; x_wconf 89' lang='lat' dir='ltr'>curia</span> <span class='ocrx_word' id='word_1_135' title='bbox 1351 2853 1357 2908; x_wconf 94' lang='lat'>;</span> 
     </span>
     <span class='ocr_line' id='line_1_20' title="bbox 454 2922 1357 3008; baseline 0.006 -24"><span class='ocrx_word' id='word_1_136' title='bbox 454 2937 489 3002; x_wconf 93' lang='lat'>17</span> <span class='ocrx_word' id='word_1_137' title='bbox 502 2922 532 2985; x_wconf 94' lang='lat' dir='ltr'>b.</span> <span class='ocrx_word' id='word_1_138' title='bbox 555 2923 606 2984; x_wconf 89' lang='lat' dir='ltr'>Te</span> <span class='ocrx_word' id='word_1_139' title='bbox 623 2933 781 2986; x_wconf 91' lang='lat' dir='ltr'>monente</span> <span class='ocrx_word' id='word_1_140' title='bbox 797 2923 916 2988; x_wconf 92' lang='lat' dir='ltr'>fundat</span> <span class='ocrx_word' id='word_1_141' title='bbox 933 2926 1132 2988; x_wconf 90' lang='lat' dir='ltr'>coenobium</span> <span class='ocrx_word' id='word_1_142' title='bbox 1149 2945 1224 2988; x_wconf 93' lang='lat' dir='ltr'>cum</span> <span class='ocrx_word' id='word_1_143' title='bbox 1242 2926 1357 3008; x_wconf 86' lang='lat' dir='ltr'>gloria,</span> 
     </span>
     <span class='ocr_line' id='line_1_21' title="bbox 455 3018 1314 3104; baseline 0.005 -24"><span class='ocrx_word' id='word_1_144' title='bbox 455 3020 499 3081; x_wconf 90' lang='lat'>18.</span> <span class='ocrx_word' id='word_1_145' title='bbox 525 3018 695 3082; x_wconf 90' lang='lat' dir='ltr'>Libertate</span> <span class='ocrx_word' id='word_1_146' title='bbox 713 3019 822 3083; x_wconf 92' lang='lat' dir='ltr'>locum</span> <span class='ocrx_word' id='word_1_147' title='bbox 839 3021 970 3086; x_wconf 90' lang='lat' dir='ltr'>donans</span> <span class='ocrx_word' id='word_1_148' title='bbox 986 3023 1186 3084; x_wconf 89' lang='lat' dir='ltr'>auctoritate</span> <span class='ocrx_word' id='word_1_149' title='bbox 1202 3023 1292 3104; x_wconf 85' lang='lat' dir='ltr'>regia</span> <span class='ocrx_word' id='word_1_150' title='bbox 1308 3044 1314 3100; x_wconf 92' lang='lat'>;</span> 
     </span>
     <span class='ocr_line' id='line_1_22' title="bbox 454 3113 1288 3199; baseline 0.006 -24"><span class='ocrx_word' id='word_1_151' title='bbox 454 3116 490 3176; x_wconf 92' lang='lat'>18</span> <span class='ocrx_word' id='word_1_152' title='bbox 502 3113 530 3176; x_wconf 94' lang='lat' dir='ltr'>b.</span> <span class='ocrx_word' id='word_1_153' title='bbox 558 3115 652 3176; x_wconf 90' lang='lat' dir='ltr'>Haec</span> <span class='ocrx_word' id='word_1_154' title='bbox 670 3114 792 3179; x_wconf 90' lang='lat' dir='ltr'>Carolo</span> <span class='ocrx_word' id='word_1_155' title='bbox 808 3119 877 3198; x_wconf 86' lang='lat' dir='ltr'>regi</span> <span class='ocrx_word' id='word_1_156' title='bbox 895 3119 1090 3181; x_wconf 88' lang='lat' dir='ltr'>nuntiantur</span> <span class='ocrx_word' id='word_1_157' title='bbox 1107 3119 1139 3180; x_wconf 92' lang='lat' dir='ltr'>in</span> <span class='ocrx_word' id='word_1_158' title='bbox 1157 3117 1288 3199; x_wconf 89' lang='lat' dir='ltr'>Gallia;</span> 
     </span>
    </p>
   </div>
   <div class='ocr_carea' id='block_1_13' title="bbox 448 3242 1374 3425">
    <p class='ocr_par' dir='ltr' id='par_1_13' title="bbox 448 3242 1374 3425">
     <span class='ocr_line' id='line_1_23' title="bbox 453 3242 1308 3326; baseline 0.008 -24"><span class='ocrx_word' id='word_1_159' title='bbox 453 3259 497 3320; x_wconf 90' lang='lat'>19.</span> <span class='ocrx_word' id='word_1_160' title='bbox 523 3242 578 3305; x_wconf 87' lang='lat' dir='ltr'>Ad</span> <span class='ocrx_word' id='word_1_161' title='bbox 596 3263 695 3325; x_wconf 89' lang='lat' dir='ltr'>quem</span> <span class='ocrx_word' id='word_1_162' title='bbox 713 3255 920 3310; x_wconf 83' lang='lat' dir='ltr'>evocatus...</span> <span class='ocrx_word' id='word_1_163' title='bbox 933 3245 1065 3309; x_wconf 89' lang='lat' dir='ltr'>occulta</span> <span class='ocrx_word' id='word_1_164' title='bbox 1081 3247 1200 3326; x_wconf 89' lang='lat' dir='ltr'>pandis</span> <span class='ocrx_word' id='word_1_165' title='bbox 1217 3247 1308 3324; x_wconf 91' lang='lat' dir='ltr'>vitia,</span> 
     </span>
     <span class='ocr_line' id='line_1_24' title="bbox 448 3339 1374 3425; baseline 0.011 -27"><span class='ocrx_word' id='word_1_166' title='bbox 448 3354 497 3401; x_wconf 88' lang='lat'>20.</span> <span class='ocrx_word' id='word_1_167' title='bbox 524 3339 716 3416; x_wconf 86' lang='lat' dir='ltr'>Revelante‚</span> <span class='ocrx_word' id='word_1_168' title='bbox 733 3342 946 3404; x_wconf 90' lang='lat' dir='ltr'>condonante</span> <span class='ocrx_word' id='word_1_169' title='bbox 964 3343 1079 3407; x_wconf 89' lang='lat' dir='ltr'>Sancti</span> <span class='ocrx_word' id='word_1_170' title='bbox 1098 3342 1242 3424; x_wconf 88' lang='lat' dir='ltr'>Spiritus</span> <span class='ocrx_word' id='word_1_171' title='bbox 1258 3343 1374 3425; x_wconf 88' lang='lat' dir='ltr'>gratia.</span> 
     </span>
    </p>
   </div>
   <div class='ocr_carea' id='block_1_14' title="bbox 446 3469 1703 3748">
    <p class='ocr_par' dir='ltr' id='par_1_14' title="bbox 446 3469 1703 3748">
     <span class='ocr_line' id='line_1_25' title="bbox 447 3469 1703 3556; baseline 0.006 -26"><span class='ocrx_word' id='word_1_172' title='bbox 447 3485 496 3533; x_wconf 91' lang='lat'>21.</span> <span class='ocrx_word' id='word_1_173' title='bbox 521 3469 735 3532; x_wconf 88' lang='lat' dir='ltr'>Praematura</span> <span class='ocrx_word' id='word_1_174' title='bbox 753 3480 859 3533; x_wconf 91' lang='lat' dir='ltr'>morte</span> <span class='ocrx_word' id='word_1_175' title='bbox 875 3482 1010 3553; x_wconf 89' lang='lat' dir='ltr'>captum</span> <span class='ocrx_word' id='word_1_176' title='bbox 1029 3471 1323 3554; x_wconf 89' lang='lat' dir='ltr'>[Remansensem]</span> <span class='ocrx_word' id='word_1_177' title='bbox 1337 3473 1487 3556; x_wconf 88' lang='lat' dir='ltr'>regulum</span> <span class='ocrx_word' id='word_1_178' title='bbox 1500 3477 1703 3539; x_wconf 89' lang='lat' dir='ltr'>resuscitasti</span> 
     </span>
     <span class='ocr_line' id='line_1_26' title="bbox 576 3565 887 3647; baseline 0.013 -22"><span class='ocrx_word' id='word_1_179' title='bbox 576 3565 630 3646; x_wconf 93' lang='lat' dir='ltr'>pia</span> <span class='ocrx_word' id='word_1_180' title='bbox 647 3585 706 3646; x_wconf 89' lang='lat' dir='ltr'>per</span> <span class='ocrx_word' id='word_1_181' title='bbox 722 3565 887 3647; x_wconf 88' lang='lat' dir='ltr'>suffragia.</span> 
     </span>
     <span class='ocr_line' id='line_1_27' title="bbox 446 3661 1703 3748; baseline 0.009 -26"><span class='ocrx_word' id='word_1_182' title='bbox 446 3677 496 3724; x_wconf 89' lang='lat'>22.</span> <span class='ocrx_word' id='word_1_183' title='bbox 521 3661 688 3744; x_wconf 82' lang='lat' dir='ltr'>impetras</span> <span class='ocrx_word' id='word_1_184' title='bbox 706 3683 766 3744; x_wconf 92' lang='lat' dir='ltr'>pro</span> <span class='ocrx_word' id='word_1_185' title='bbox 783 3664 903 3746; x_wconf 92' lang='lat' dir='ltr'>quibus</span> <span class='ocrx_word' id='word_1_186' title='bbox 918 3685 1002 3742; x_wconf 90' lang='lat' dir='ltr'>oras,</span> <span class='ocrx_word' id='word_1_187' title='bbox 1019 3675 1051 3727; x_wconf 91' lang='lat' dir='ltr'>et</span> <span class='ocrx_word' id='word_1_188' title='bbox 1068 3687 1087 3728; x_wconf 90' lang='lat' dir='ltr'>a</span> <span class='ocrx_word' id='word_1_189' title='bbox 1102 3665 1177 3728; x_wconf 90' lang='lat' dir='ltr'>Deo</span> <span class='ocrx_word' id='word_1_190' title='bbox 1190 3665 1359 3748; x_wconf 86' lang='lat' dir='ltr'>postulata</span> <span class='ocrx_word' id='word_1_191' title='bbox 1373 3667 1432 3730; x_wconf 91' lang='lat' dir='ltr'>tibi</span> <span class='ocrx_word' id='word_1_192' title='bbox 1446 3668 1567 3732; x_wconf 92' lang='lat' dir='ltr'>dantur</span> <span class='ocrx_word' id='word_1_193' title='bbox 1580 3670 1703 3734; x_wconf 90' lang='lat' dir='ltr'>omnia.</span> 
     </span>
    </p>
   </div>
   <div class='ocr_carea' id='block_1_15' title="bbox 445 3791 1704 3878">
    <p class='ocr_par' dir='ltr' id='par_1_15' title="bbox 445 3791 1704 3878">
     <span class='ocr_line' id='line_1_28' title="bbox 445 3791 1704 3878; baseline 0.006 -25"><span class='ocrx_word' id='word_1_194' title='bbox 445 3807 494 3871; x_wconf 86' lang='lat'>23.</span> <span class='ocrx_word' id='word_1_195' title='bbox 521 3791 619 3854; x_wconf 90' lang='lat' dir='ltr'>Nunc</span> <span class='ocrx_word' id='word_1_196' title='bbox 636 3811 716 3874; x_wconf 87' lang='lat' dir='ltr'>ergo</span> <span class='ocrx_word' id='word_1_197' title='bbox 733 3800 846 3856; x_wconf 93' lang='lat' dir='ltr'>nostra</span> <span class='ocrx_word' id='word_1_198' title='bbox 864 3793 942 3856; x_wconf 88' lang='lat' dir='ltr'>vitia</span> <span class='ocrx_word' id='word_1_199' title='bbox 955 3793 1107 3874; x_wconf 88' lang='lat' dir='ltr'>precibus</span> <span class='ocrx_word' id='word_1_200' title='bbox 1121 3794 1186 3856; x_wconf 90' lang='lat' dir='ltr'>tuis</span> <span class='ocrx_word' id='word_1_201' title='bbox 1202 3794 1312 3876; x_wconf 87' lang='lat' dir='ltr'>expia,</span> <span class='ocrx_word' id='word_1_202' title='bbox 1324 3805 1357 3858; x_wconf 92' lang='lat' dir='ltr'>et</span> <span class='ocrx_word' id='word_1_203' title='bbox 1370 3815 1471 3878; x_wconf 87' lang='lat' dir='ltr'>regna</span> <span class='ocrx_word' id='word_1_204' title='bbox 1485 3797 1528 3860; x_wconf 88' lang='lat' dir='ltr'>da</span> <span class='ocrx_word' id='word_1_205' title='bbox 1539 3796 1704 3862; x_wconf 87' lang='lat' dir='ltr'>caelestia.</span> 
     </span>
    </p>
   </div>
   <div class='ocr_carea' id='block_1_16' title="bbox 480 3983 1702 4059">
    <p class='ocr_par' dir='ltr' id='par_1_16' title="bbox 480 3983 1702 4059">
     <span class='ocr_line' id='line_1_29' title="bbox 480 3983 1702 4059; baseline 0.007 -23"><span class='ocrx_word' id='word_1_206' title='bbox 480 3998 495 4050; x_wconf 85' lang='lat'>3</span> <span class='ocrx_word' id='word_1_207' title='bbox 514 3983 622 4052; x_wconf 82' lang='lat' dir='ltr'>fulgore</span> <span class='ocrx_word' id='word_1_208' title='bbox 636 3984 804 4053; x_wconf 82' lang='lat' dir='ltr'>praenuntia</span> <span class='ocrx_word' id='word_1_209' title='bbox 818 3986 1038 4055; x_wconf 78' lang='lat' dir='ltr'>Redomu.1492.</span> <span class='ocrx_word' id='word_1_210' title='bbox 1069 3989 1151 4042; x_wconf 91' lang='lat' dir='ltr'>Nous</span> <span class='ocrx_word' id='word_1_211' title='bbox 1162 3989 1303 4059; x_wconf 83' lang='lat' dir='ltr'>adoptons</span> <span class='ocrx_word' id='word_1_212' title='bbox 1317 3991 1342 4044; x_wconf 87' lang='lat' dir='ltr'>le</span> <span class='ocrx_word' id='word_1_213' title='bbox 1353 3999 1427 4043; x_wconf 88' lang='lat' dir='ltr'>texte</span> <span class='ocrx_word' id='word_1_214' title='bbox 1439 3990 1474 4043; x_wconf 91' lang='lat' dir='ltr'>de</span> <span class='ocrx_word' id='word_1_215' title='bbox 1483 3991 1635 4043; x_wconf 61' lang='lat' dir='ltr'>liniamus</span> <span class='ocrx_word' id='word_1_216' title='bbox 1644 4003 1702 4056; x_wconf 82' lang='lat'>500.</span> 
     </span>
    </p>
   </div>
   <div class='ocr_carea' id='block_1_17' title="bbox 443 4067 1704 4221">
    <p class='ocr_par' dir='ltr' id='par_1_17' title="bbox 443 4067 1704 4221">
     <span class='ocr_line' id='line_1_30' title="bbox 480 4067 1704 4143; baseline 0.006 -23"><span class='ocrx_word' id='word_1_217' title='bbox 480 4067 495 4120; x_wconf 80' lang='lat'>8</span> <span class='ocrx_word' id='word_1_218' title='bbox 516 4067 630 4119; x_wconf 88' lang='lat' dir='ltr'>Christo</span> <span class='ocrx_word' id='word_1_219' title='bbox 643 4067 799 4133; x_wconf 85' lang='lat' dir='ltr'>patrocinia</span> <span class='ocrx_word' id='word_1_220' title='bbox 815 4069 949 4122; x_wconf 76' lang='lat' dir='ltr'>[redonen.</span> <span class='ocrx_word' id='word_1_221' title='bbox 972 4070 1052 4124; x_wconf 89' lang='lat' dir='ltr'>Cette</span> <span class='ocrx_word' id='word_1_222' title='bbox 1062 4071 1186 4126; x_wconf 88' lang='lat' dir='ltr'>clausule</span> <span class='ocrx_word' id='word_1_223' title='bbox 1196 4083 1239 4126; x_wconf 90' lang='lat' dir='ltr'>est</span> <span class='ocrx_word' id='word_1_224' title='bbox 1253 4073 1380 4143; x_wconf 72' lang='lat' dir='ltr'>reportes</span> <span class='ocrx_word' id='word_1_225' title='bbox 1394 4073 1476 4143; x_wconf 72' lang='lat' dir='ltr'>apres</span> <span class='ocrx_word' id='word_1_226' title='bbox 1492 4073 1519 4128; x_wconf 84' lang='lat' dir='ltr'>la</span> <span class='ocrx_word' id='word_1_227' title='bbox 1531 4073 1655 4128; x_wconf 85' lang='lat' dir='ltr'>clausule</span> <span class='ocrx_word' id='word_1_228' title='bbox 1672 4088 1704 4127; x_wconf 95' lang='lat'>10</span> 
     </span>
     <span class='ocr_line' id='line_1_31' title="bbox 443 4146 1298 4221; baseline 0.009 -23"><span class='ocrx_word' id='word_1_229' title='bbox 443 4147 516 4199; x_wconf 84' lang='lat' dir='ltr'>dans</span> <span class='ocrx_word' id='word_1_230' title='bbox 529 4146 667 4198; x_wconf 81' lang='lat' dir='ltr'>Redonen.</span> <span class='ocrx_word' id='word_1_231' title='bbox 702 4147 739 4198; x_wconf 93' lang='lat' dir='ltr'>Le</span> <span class='ocrx_word' id='word_1_232' title='bbox 753 4147 941 4216; x_wconf 70' lang='lat' dir='ltr'>parallelisme</span> <span class='ocrx_word' id='word_1_233' title='bbox 956 4150 1036 4218; x_wconf 87' lang='lat' dir='ltr'>exige</span> <span class='ocrx_word' id='word_1_234' title='bbox 1050 4151 1076 4203; x_wconf 88' lang='lat' dir='ltr'>la</span> <span class='ocrx_word' id='word_1_235' title='bbox 1088 4151 1298 4221; x_wconf 88' lang='lat' dir='ltr'>transposition.</span> 
     </span>
    </p>
   </div>
   <div class='ocr_carea' id='block_1_18' title="bbox 463 4227 1316 4464">
    <p class='ocr_par' dir='ltr' id='par_1_18' title="bbox 463 4227 1316 4464">
     <span class='ocr_line' id='line_1_32' title="bbox 464 4227 971 4296; baseline 0.01 -16"><span class='ocrx_word' id='word_1_236' title='bbox 464 4242 495 4293; x_wconf 83' lang='lat'>14</span> <span class='ocrx_word' id='word_1_237' title='bbox 515 4227 573 4296; x_wconf 89' lang='lat' dir='ltr'>pari</span> <span class='ocrx_word' id='word_1_238' title='bbox 588 4228 657 4281; x_wconf 86' lang='lat' dir='ltr'>facis</span> <span class='ocrx_word' id='word_1_239' title='bbox 671 4227 808 4282; x_wconf 83' lang='lat' dir='ltr'>Redonen.</span> <span class='ocrx_word' id='word_1_240' title='bbox 823 4247 885 4284; x_wconf 89' lang='lat' dir='ltr'>vers</span> <span class='ocrx_word' id='word_1_241' title='bbox 899 4231 971 4286; x_wconf 88' lang='lat' dir='ltr'>faux.</span> 
     </span>
     <span class='ocr_line' id='line_1_33' title="bbox 464 4311 1090 4379; baseline 0.008 -15"><span class='ocrx_word' id='word_1_242' title='bbox 464 4323 493 4379; x_wconf 82' lang='lat'>15</span> <span class='ocrx_word' id='word_1_243' title='bbox 513 4322 541 4364; x_wconf 88' lang='lat' dir='ltr'>et</span> <span class='ocrx_word' id='word_1_244' title='bbox 555 4329 634 4364; x_wconf 87' lang='lat' dir='ltr'>arma</span> <span class='ocrx_word' id='word_1_245' title='bbox 647 4311 785 4364; x_wconf 74' lang='lat' dir='ltr'>Redonen.</span> <span class='ocrx_word' id='word_1_246' title='bbox 800 4313 896 4367; x_wconf 84' lang='lat' dir='ltr'>n&#39;offre</span> <span class='ocrx_word' id='word_1_247' title='bbox 910 4331 1002 4369; x_wconf 87' lang='lat' dir='ltr'>aucun</span> <span class='ocrx_word' id='word_1_248' title='bbox 1016 4333 1090 4370; x_wconf 91' lang='lat' dir='ltr'>sens.</span> 
     </span>
     <span class='ocr_line' id='line_1_34' title="bbox 463 4393 1316 4464; baseline 0.009 -16"><span class='ocrx_word' id='word_1_249' title='bbox 463 4409 501 4463; x_wconf 89' lang='lat'>19,</span> <span class='ocrx_word' id='word_1_250' title='bbox 513 4410 555 4449; x_wconf 88' lang='lat'>20.</span> <span class='ocrx_word' id='word_1_251' title='bbox 577 4394 770 4448; x_wconf 87' lang='lat' dir='ltr'>Paralle‘lisme</span> <span class='ocrx_word' id='word_1_252' title='bbox 785 4393 925 4464; x_wconf 87' lang='lat' dir='ltr'>imparfait</span> <span class='ocrx_word' id='word_1_253' title='bbox 939 4398 1010 4452; x_wconf 88' lang='lat' dir='ltr'>dans</span> <span class='ocrx_word' id='word_1_254' title='bbox 1024 4415 1072 4452; x_wconf 88' lang='lat' dir='ltr'>ces</span> <span class='ocrx_word' id='word_1_255' title='bbox 1083 4399 1155 4454; x_wconf 88' lang='lat' dir='ltr'>deux</span> <span class='ocrx_word' id='word_1_256' title='bbox 1169 4402 1316 4456; x_wconf 89' lang='lat' dir='ltr'>clausules.</span> 
     </span>
    </p>
   </div>
   <div class='ocr_carea' id='block_1_19' title="bbox 440 4477 1699 4627">
    <p class='ocr_par' dir='ltr' id='par_1_19' title="bbox 440 4477 1699 4627">
     <span class='ocr_line' id='line_1_35' title="bbox 459 4477 1699 4559; baseline 0.01 -28"><span class='ocrx_word' id='word_1_257' title='bbox 459 4493 488 4531; x_wconf 91' lang='lat'>21</span> <span class='ocrx_word' id='word_1_258' title='bbox 513 4479 593 4532; x_wconf 90' lang='lat' dir='ltr'>Nous</span> <span class='ocrx_word' id='word_1_259' title='bbox 616 4477 777 4532; x_wconf 90' lang='lat' dir='ltr'>enfermons</span> <span class='ocrx_word' id='word_1_260' title='bbox 799 4487 878 4534; x_wconf 89' lang='lat' dir='ltr'>entre</span> <span class='ocrx_word' id='word_1_261' title='bbox 901 4481 1085 4550; x_wconf 74' lang='lat' dir='ltr'>parentheses</span> <span class='ocrx_word' id='word_1_262' title='bbox 1111 4485 1138 4537; x_wconf 85' lang='lat' dir='ltr'>le</span> <span class='ocrx_word' id='word_1_263' title='bbox 1167 4495 1225 4540; x_wconf 85' lang='lat' dir='ltr'>mot</span> <span class='ocrx_word' id='word_1_264' title='bbox 1248 4485 1462 4541; x_wconf 78' lang='lat' dir='ltr'>Remansemem</span> <span class='ocrx_word' id='word_1_265' title='bbox 1484 4489 1532 4559; x_wconf 90' lang='lat' dir='ltr'>qui</span> <span class='ocrx_word' id='word_1_266' title='bbox 1555 4499 1647 4559; x_wconf 91' lang='lat' dir='ltr'>rompt</span> <span class='ocrx_word' id='word_1_267' title='bbox 1673 4489 1699 4544; x_wconf 91' lang='lat' dir='ltr'>le</span> 
     </span>
     <span class='ocr_line' id='line_1_36' title="bbox 440 4559 557 4627; baseline 0.017 -17"><span class='ocrx_word' id='word_1_268' title='bbox 440 4559 557 4627; x_wconf 78' lang='lat' dir='ltr'>rythrne.</span> 
     </span>
    </p>
   </div>
   <div class='ocr_carea' id='block_1_20' title="bbox 0 0 2056 5792">
    <p class='ocr_par' dir='ltr' id='par_1_20' title="bbox 0 0 2056 5792">
     <span class='ocr_line' id='line_1_37' title="bbox 0 0 2056 5792; baseline 0 2"><span class='ocrx_word' id='word_1_269' title='bbox 0 0 2056 5792; x_wconf 95' lang='lat' dir='ltr'> </span> 
     </span>
    </p>
   </div>
  </div>
 </body>
</html>
