4102 5790
489 513 565 588 186-
768 528 913 582 PROSAE
939 530 1144 584 ecciesiae
1171 531 1493 586 Rornonrxcausrs

521 713 603 769 Dans
617 713 643 768 le
655 711 780 766 Graduel
793 710 829 765 de
844 707 1058 781 Saint-Thierry
1071 719 1146 767 cette
1157 711 1243 766 Prose
1252 719 1332 782 porte
1342 727 1414 782 pour
1426 711 1491 768 titre
1504 731 1510 766 :
1529 712 1614 768 Feria
1622 713 1748 769 secunda

488 805 552 864 post
565 795 762 850 Pentecosten.
778 793 868 846 Prosa
883 791 1017 846 almifica.
1051 791 1126 846 C’est
1139 791 1165 846 ie
1178 791 1237 846 vrai
1256 791 1321 848 titre
1331 792 1432 862 qu'eHe
1443 791 1504 847 doit
1518 803 1622 864 portet.

517 940 671 994 2Terram
694 939 906 1009 manquedans
923 939 966 993 Ut
991 938 1052 992 iaus
1067 939 1130 993 Deo
1144 939 1178 994 Z.
1206 938 1407 1008 personatLC.
1439 937 1588 995 dulcisona
1606 941 1742 996 ΚΑΜ.

485 1017 509 1071 C
507 1035 660 1072 ameracen.
675 1019 842 1072 Laudunen.
856 1019 1025 1072 li'ovr'omen.

519 1113 535 1166 ³
555 1097 674 1153 iubilant
687 1099 731 1152 R².
746 1097 803 1152 LC.

517 1176 909 1249 4sin1u1manquedansU.
942 1176 1024 1231 simui
1035 1177 1149 1247 clangat
1162 1177 1330 1232 Novr'omen.
1363 1177 1404 1234 sic
1417 1187 1483 1248 agat
1497 1179 1533 1234 X.
1566 1179 1657 1248 simul,
1668 1195 1743 1250 aqua

480 1257 650 1313 Laudunen.
683 1274 754 1312 voce
766 1274 823 1312 una
835 1257 1003 1312 Laudunen.

518 1351 531 1406 5
551 1338 678 1392 carmina
692 1338 867 1392 Cameracen.
899 1338 1061 1408 prosodiam
1075 1337 1242 1392 Novr'omen.

517 1418 805 1488 6VerbumqueLC.
845 1417 971 1471 Verbum
988 1418 1036 1488 qui
1058 1418 1123 1473 ΚΑ.
1140 1417 1315 1474 cameracen.
1346 1417 1513 1474 Laudunen.
1545 1419 1654 1474 suisR²
1683 1435 1745 1489 gre·

481 1497 540 1552 mio
552 1498 595 1552 R2.
609 1499 642 1554 U.
661 1497 705 1552 U‘.
724 1498 797 1552 V.X.
806 1497 840 1552 Z.
851 1497 908 1552 LC.
942 1498 1132 1554 L’assonance
1153 1497 1233 1568 exige
1250 1499 1365 1568 gremia
1386 1515 1442 1569 que
1463 1515 1535 1554 nous
1548 1499 1746 1558 retablissons.

483 1578 622 1647 gremium
636 1577 700 1633 ΚΑ.
715 1577 883 1632 Loudunen.
895 1577 1061 1634 Novr'omen.
1076 1578 1277 1650 Rothomagm.
1309 1588 1420 1634 uterum
1434 1579 1609 1634 Cameracen.

519 1671 533 1724 7
552 1657 675 1727 gignerit
687 1659 732 1712 R².
775 1658 904 1727 gigneret
918 1659 1007 1714 solem
1025 1658 1149 1716 iustitiae
1168 1660 1232 1714 RA.
1245 1658 1300 1713 LC.
1317 1659 1492 1714 cameracen.
1504 1659 1673 1716 Laudunen.
1688 1660 1746 1714 No-

482 1739 602 1792 vr'omen.
617 1737 758 1792 contraire
771 1753 807 1792 au
821 1737 941 1805 rythmo.

518 1819 533 1871 8
553 1817 747 1886 cognitionem
761 1815 909 1886 insigniter
921 1817 1086 1872 ostenderet
1100 1817 1157 1873 LC.
1171 1818 1347 1872 Cameracen.
1361 1817 1528 1872 Loudunen.
1544 1818 1710 1873 Nour'omen.
1780 1843 1783 1849 Δ

517 1911 535 1964 9
554 1897 591 1952 Et
605 1895 687 1967 primi
702 1896 757 1952 LC.
792 1899 836 1951 De
850 1895 932 1966 primi
949 1897 1124 1953 Cameraccn.
1156 1897 1281 1968 expiaret
1295 1897 1496 1966 Rothomagen.
1511 1898 1606 1953 donne
1618 1915 1674 1954 une
1692 1899 1746 1968 syl-

483 1976 547 2031 lnbe
560 1976 596 2031 de
610 1987 680 2047 trop.
714 1977 826 2032 macuia
839 1993 939 2030 carens
953 1975 1036 2031 venia
1050 1977 1218 2033 Nour'omen.
1259 1978 1371 2032 macula
1384 1977 1463 2032 necis
1476 1995 1576 2032 carens
1590 1978 1646 2033 LC.
1687 1995 1746 2034 rna-

483 2057 546 2112 cula
559 2056 624 2111 novi
639 2073 739 2112 carens
755 2057 933 2111 Cameracen.
968 2058 1058 2128 piaret
1082 2059 1162 2112 Deus
1183 2058 1270 2112 homo
1292 2058 1383 2112 sactus
1397 2058 1470 2113 ultro
1490 2057 1548 2113 LC.
1569 2058 1745 2115 Cameracen.

482 2137 650 2192 Laudunen.
665 2137 834 2191 Novr'omen.
866 2137 993 2206 virgineo
1004 2139 1047 2192 R'.

504 2233 536 2272 ro
554 2219 689 2271 virtutum
703 2234 821 2272 munera
835 2217 878 2272 R².
893 2217 949 2272 LC.
966 2217 1141 2271 Cameracen.
1156 2217 1324 2271 Laudunen.
1347 2217 1517 2272 Noviorum.
1543 2217 1745 2290 Rotkomagen.

486 2298 651 2365 munere(!)
667 2297 716 2352 θ’.
748 2297 850 2351 itinera
869 2297 944 2352 V.Z.
977 2297 1062 2352 subiit
1076 2297 1286 2353 crucemiLX.
1302 2297 1357 2352 LC.
1383 2297 1558 2353 cameracen.
1576 2299 1743 2354 Laudunen.

483 2377 649 2432 Novr'omen.
693 2377 916 2448 triumphaturus
938 2393 1038 2434 necem
1076 2377 1251 2433 Cameracen.
1277 2377 1445 2433 Laudunrn.
1471 2378 1638 2434 Nour'omen.
1680 2395 1744 2434 eam

486 2474 610 2528 marique
628 2457 701 2512 dans
721 2457 778 2511 LC.

503 2552 531 2591 11
556 2539 600 2591 De
614 2537 714 2606 spiritu
727 2537 893 2590 Nouiomen.
926 2537 1026 2607 spiritu
1042 2538 1105 2591 Deo
1119 2535 1153 2605 (Ι)
1170 2537 1214 2592 U‘.
1247 2535 1352 2606 Spiritu
1366 2537 1434 2592 data
1456 2547 1578 2594 tartareo
1591 2537 1744 2594 momordit

489 2626 587 2687 utpote
602 2629 681 2672 vates
696 2615 805 2671 dixerat
818 2626 884 2670 ante
898 2617 955 2671 LC.
967 2618 1133 2672 Laudunen.
1161 2617 1232 2672 sicut
1253 2626 1332 2672 vates
1352 2617 1461 2674 dixerat
1481 2629 1548 2674 ante
1567 2618 1742 2674 cameracen.

483 2707 513 2751 ut
527 2697 612 2766 longe
627 2707 706 2751 vates
719 2697 828 2750 dixerat
841 2705 907 2760 ante
920 2697 1086 2752 Noviomen.
1119 2707 1184 2752 ante
1193 2697 1263 2752 dixit
1277 2697 1320 2751 θ’.

505 2791 535 2830 12
557 2775 634 2832 Hinc
648 2793 771 2846 namque
793 2776 850 2831 LC.
879 2776 977 2846 sicque
999 2776 1096 2831 vivens
1116 2777 1284 2831 Laudunen.
1315 2777 1391 2831 Hinc
1412 2785 1492 2832 vetus
1514 2777 1626 2832 rediens
1648 2777 1745 2832 lucifer

484 2853 651 2911 Novr'omen.
684 2855 767 2912 tertio
781 2857 898 2911 surrexit
911 2855 948 2912 de
958 2859 1066 2912 tumulo
1078 2857 1135 2912 LC.
1168 2858 1250 2912 tertia
1264 2856 1382 2912 surrexit
1390 2856 1437 2911 die
1446 2859 1553 2912 tumulo
1568 2857 1744 2915 Canuracen.

484 2937 651 2991 Laudunen.
681 2936 765 2991 tertia
777 2936 823 2992 die
836 2937 986 2993 resurrexit
999 2938 1108 2992 tumulo
1121 2938 1289 2992 Novr'omen.

505 3030 535 3084 ¹3
555 3017 630 3070 soles
643 3017 688 3071 Re
705 3015 739 3071 U.
758 3017 786 3071 U
789 3021 804 3070 ¹.
820 3017 848 3072 V.
857 3018 893 3071 X.
905 3017 939 3072 Z.
948 3017 1116 3072 Luudunen.
1127 3019 1294 3071 Novr'omen.
1306 3016 1506 3090 rothomagen
1532 3027 1670 3088 quantum
1680 3027 1744 3088 post

488 3095 519 3151 U.
552 3095 675 3151 decades
693 3097 735 3151 R’.
752 3096 785 3152 U.
803 3097 831 3151 U
835 3102 850 3151 ¹.
871 3097 898 3151 V.
913 3097 949 3150 Χ.
961 3098 994 3152 Z.
1009 3095 1065 3151 LC.
1081 3097 1259 3152 cameracen.
1273 3097 1441 3152 Larcdunen.
1463 3098 1630 3153 Novr'omen.
1641 3097 1742 3152 Rodio-

483 3191 591 3246 magen.
623 3177 811 3230 L'assonance
823 3177 903 3246 exige
916 3177 943 3231 la
957 3178 1066 3247 voyelle
1079 3195 1104 3232 a.

496 3271 536 3322 '14
556 3257 599 3310 lbi
618 3255 649 3310 U.
670 3256 715 3310 θ’.
732 3255 906 3310 Cameracen.
926 3256 1093 3312 laudunen.
1125 3256 1206 3312 sedet
1222 3256 1310 3312 ludex
1328 3256 1386 3312 LC.
1425 3273 1489 3312 cum
1504 3257 1611 3312 Sancto
1623 3273 1743 3312 manens

483 3352 555 3390 unus
570 3336 699 3391 Flamine
712 3335 768 3390 LC.
782 3335 949 3392 Laudunen.
963 3337 1130 3392 Nouiomen.
1163 3354 1229 3392 cum
1243 3338 1350 3393 Sancto
1369 3353 1489 3392 maneus
1509 3337 1599 3393 trinus
1614 3337 1743 3392 Flamine

484 3415 660 3470 Cameracen.

505 3508 534 3564 ις
556 3497 601 3550 On
615 3494 646 3549 lit
659 3495 731 3550 dans
741 3495 787 3550 ΙΨ.
807 3494 837 3549 U.
854 3495 898 3550 Ui.
907 3495 934 3550 V.
948 3496 985 3551 X.
997 3497 1030 3550 Z.
1044 3496 1247 3567 Rothomagcn.
1256 3497 1284 3551 la
1292 3495 1419 3551 variante
1431 3495 1559 3551 suivante
1569 3511 1641 3566 pour
1651 3497 1678 3550 ia
1687 3495 1743 3550 sete

484 3575 519 3629 de
534 3574 615 3630 Saint
628 3575 727 3630 Simon
741 3585 767 3630 et
782 3573 864 3629 Saint
875 3575 968 3645 Jude:
985 3577 1069 3645 Quod
1077 3578 1109 3630 in
1122 3577 1306 3630 alumnorum
1323 3580 1438 3648 pectora
1440 3575 1571 3646 suderat,
1590 3593 1627 3630 ex
1643 3575 1745 3646 quibus

483 3661 552 3709 sunt
565 3655 666 3709 Sancti
674 3655 779 3724 Symon
797 3659 825 3708 ct
845 3655 941 3710 Iudas.
966 3686 1001 3695 -
1024 3658 1117 3725 Quem
1138 3655 1166 3710 in
1184 3657 1350 3710 Nour'omen.
1380 3667 1495 3726 pectora
1519 3665 1664 3724 gratanter
1685 3655 1742 3709 LC.

483 3734 651 3788 Laudunen.
673 3734 839 3788 Noviomen.
871 3744 987 3805 pectora
1003 3735 1128 3806 graviter
1150 3736 1325 3791 cameracen.
1353 3736 1452 3790 fundet
1474 3735 1502 3789 in
1516 3735 1562 3790 die
1576 3735 1742 3789 Noviomen.

505 3815 536 3868 16
557 3814 627 3869 Inde
641 3813 696 3869 LC.
709 3813 909 3884 Rornomagen.
943 3815 1070 3885 vigemus
1084 3833 1140 3872 una
1157 3816 1189 3872 U.
1226 3817 1381 3872 Iubiiemus
1404 3833 1479 3871 nunc
1502 3816 1559 3870 LC.
1573 3815 1740 3869 Laudunen.

484 3895 650 3949 Novr'omen.
680 3893 830 3949 iubilemus
844 3911 900 3949 una
915 3895 1089 3951 Cameracen.

504 3988 534 4040 17
554 3985 582 4029 et
596 3991 665 4029 voce
679 3973 735 4028 LC.
751 3975 917 4031 laudunen.

504 4055 535 4108 18
557 4054 640 4125 Quod
654 4055 697 4108 R2.
730 4055 784 4122 Qui
800 4054 966 4110 ‹Voviomen
997 4065 1025 4109 et
1039 4065 1170 4126 protegat
1197 4055 1225 4110 V.
1239 4053 1296 4109 LC.
1312 4053 1489 4110 cameracen.
1502 4053 1670 4109 Laudrrnen.
1683 4054 1742 4108 No-

483 4145 603 4200 viomen.
635 4153 737 4212 servet,
754 4142 875 4198 vivificet
896 4143 1063 4199 Noviomen.
1094 4145 1193 4211 salvet,
1216 4142 1338 4199 vivificet
1359 4143 1527 4198 Laudunen.
1571 4143 1598 4197 in
1618 4157 1743 4212 manque

484 4223 556 4277 dans
574 4219 608 4278 U.
623 4223 652 4277 U
654 4229 668 4276 ¹.
685 4223 860 4277 cameracen.
875 4224 1043 4278 Nour'omen.

505 4317 536 4371 19
556 4305 593 4357 Et
607 4303 663 4358 LC.
695 4303 825 4357 coetibus
838 4304 912 4357 necti
927 4305 983 4359 LC.
997 4304 1172 4358 cameracen.
1194 4303 1362 4358 Laudunen.
1393 4301 1524 4372 precibus
1543 4300 1618 4356 necti
1634 4301 1744 4356 Novio-

482 4400 553 4438 men.
582 4383 655 4439 inter
667 4399 739 4452 quos
752 4382 820 4437 vivit
829 4393 857 4438 et
869 4393 975 4452 regnat.
991 4384 1166 4438 cameracen.
1198 4383 1272 4438 inter
1283 4400 1355 4454 quos
1365 4381 1508 4436 miraculis
1522 4381 1689 4438 Laudunen.

501 4478 536 4516 20
553 4463 629 4517 vivat
645 4463 699 4517 LC.
738 4463 850 4516 Emicat
861 4473 946 4533 atque
963 4464 1072 4533 pollens
1086 4473 1232 4534 permanet
1246 4463 1274 4518 in
1288 4463 1402 4518 saecula
1421 4462 1597 4516 Canurncen.
1622 4460 1743 4530 Emicat,

481 4542 549 4596 vivit
571 4555 598 4598 et
616 4553 723 4612 regnat.
745 4543 911 4597 Novr'omen.
953 4545 992 4598 La
1017 4545 1129 4614 plupart
1150 4544 1202 4598 des
1224 4545 1367 4598 variantes
1390 4542 1426 4596 de
1454 4540 1510 4610 LC,
1525 4541 1561 4596 du
1587 4541 1687 4598 Missel
1705 4541 1742 4596 de

483 4623 616 4677 Cambrai
629 4634 657 4678 et
666 4622 703 4677 du
720 4623 818 4676 Missel
832 4623 868 4677 de
883 4623 908 4676 N
912 4639 986 4691 oyon
1000 4635 1065 4679 sont
1077 4624 1128 4680 des
1142 4623 1316 4680 corrections
1330 4622 1486 4678 contraires
1499 4637 1535 4676 au
1553 4621 1663 4692 rythmo
1676 4630 1704 4676 et
1725 4621 1743 4678 a

483 4705 667 4760 l’assonauce.
698 4706 722 4760 11
734 4705 793 4761 faut
807 4704 848 4758 les
861 4703 969 4774 rejeter.
