4116 5784
610 456 754 506 PROSAE
782 457 986 512 ECCLESIAE
998 528 1002 536 ,
1014 461 1324 515 BVRDEGALENSIS
1525 470 1596 539 399

577 643 660 716 279.
694 624 768 696 uu
799 625 1026 702 snucro
1054 627 1354 703 suvnmuo.

361 843 386 890 1.
411 823 546 891 Christo
562 823 744 906 psallamus
759 847 841 890 voce
858 849 988 905 canora,

360 939 388 986 2.
415 920 550 988 Christo
566 921 702 985 condita
719 941 891 1008 perquem
909 934 987 988 sunt
1003 934 1132 1003 cuncta,

361 1069 386 1134 3.
413 1051 491 1134 Quo
508 1050 686 1114 miserante
702 1071 787 1134 quos
803 1053 992 1135 ignorantia
1008 1064 1123 1118 caecat
1139 1055 1242 1119 nimia

356 1167 385 1228 4
412 1148 457 1210 Hi
475 1146 680 1210 documenta
695 1168 873 1231 percepere
890 1149 967 1214 fidei
984 1150 1150 1216 salutaria.

359 1292 386 1360 5.
410 1278 498 1438 Napp
517 1276 712 1435 lSeverinum
730 1282 939 1362 praesulatus
955 1291 1127 1366 regentem
1145 1294 1284 1368 sceptra,
1297 1284 1412 1350 relicta
1424 1288 1594 1370 quondam

494 1393 514 1436 0
529 1394 616 1453 oms,

359 1471 388 1537 6.
412 1469 695 1552 Burdegalensem
724 1473 849 1537 direxit
877 1473 1032 1540 misertus
1057 1475 1099 1541 ad
1125 1476 1268 1560 plebem,
1293 1479 1412 1540 erroris
1438 1479 1536 1543 sitam
1564 1479 1597 1543 in

466 1567 594 1632 semita.

361 1715 388 1781 7.
414 1699 585 1763 Erroneos
605 1699 707 1782 igitur
722 1703 850 1783 patriae
866 1703 1003 1767 colonos
1021 1703 1258 1768 exhortatione
1271 1705 1417 1769 correxit
1429 1705 1599 1770 salutifera

362 1799 388 1860 8.
414 1795 585 1861 Debilium
602 1796 747 1862 reddidit
764 1798 986 1864 incolumitati
1004 1801 1154 1865 membra
1174 1801 1277 1885 longo
1300 1801 1377 1866 licet
1401 1802 1519 1866 morbo
1542 1804 1599 1868 ad-

469 1894 592 1959 ferrent
608 1896 752 1959 obsessa.

361 2038 390 2100 9.
414 2021 469 2087 Sic
485 2024 758 2088 concurrentibus
772 2024 939 2088 miraculis
951 2034 1053 2108 atque
1065 2027 1198 2109 iugibus
1212 2027 1348 2091 monitis
1360 2027 1403 2091 ad
1416 2027 1498 2091 lucis
1510 2028 1599 2092 viam

471 2119 559 2184 male
575 2121 782 2184 credentium
802 2123 971 2186 revocavit
987 2131 1123 2204 pectora
1137 2145 1144 2202 ;

346 2232 392 2282 10.
415 2215 473 2279 Ab
487 2215 539 2280 his
555 2225 589 2280 et
604 2215 752 2300 propulit
775 2216 925 2282 laetifera
948 2219 1112 2284 latitantis
1136 2219 1242 2284 hostis
1267 2219 1335 2284 tela
1359 2220 1456 2284 bonis
1481 2221 1602 2304 iugiter

472 2313 674 2392 insidiantia,
689 2313 787 2377 bonis
802 2334 934 2396 semper
950 2314 1081 2380 infesta.

347 2463 392 2511 11.
417 2443 527 2527 Quam
545 2443 701 2508 sublimia
719 2445 869 2510 Severini
887 2447 1014 2524 merita,
1029 2445 1189 2529 praesulis
1207 2446 1354 2510 animam
1374 2446 1511 2511 Martini
1525 2448 1601 2511 sub·

472 2539 664 2604 vehentium
680 2542 722 2604 ad
740 2541 807 2623 poli
825 2561 928 2625 regua

347 2654 393 2703 12.
418 2636 483 2720 Qui
497 2636 671 2702 dulcisona
686 2638 882 2721 angelorum
896 2639 1027 2703 cantica
1039 2639 1154 2703 audire
1168 2639 1289 2702 meruit
1302 2639 1335 2702 in
1349 2638 1430 2703 urbe
1442 2637 1603 2721 pontifico

474 2733 606 2816 fulgens
623 2733 813 2817 Agrippina
826 2757 834 2814 ;

327 2881 393 2948 Ι13.
418 2864 504 2927 Mox
535 2865 701 2947 ignoranti
733 2866 898 2950 prompsit
929 2865 1165 2931 archidiacono
1192 2866 1309 2950 ignota
1336 2867 1412 2930 talis
1441 2865 1605 2931 melodiae

474 2962 646 3043 mysteria:

348 3073 394 3136 14.
417 3061 433 3088 ‘⁸
450 3056 616 3120 Martinus
633 3057 658 3134 ”,
682 3057 800 3141 inquit,
821 3062 838 3090 “
856 3077 957 3122 manu
975 3059 1078 3122 fertur
1096 3057 1247 3141 angelica
1263 3059 1305 3123 ad
1323 3059 1385 3122 sibi
1402 3068 1603 3142 praeparata

473 3155 538 3218 iam
555 3155 683 3220 dudum
700 3157 883 3238 praemia.''

347 3298 394 3364 15.
417 3285 467 3348 At
479 3285 666 3348 ubicarnea
678 3285 868 3350 ceciderunt
886 3286 1046 3364 membra,
1058 3285 1247 3370 perfruente
1260 3286 1392 3369 gaudiis
1404 3285 1603 3350 caelestibus

473 3401 585 3444 amma
1082 3415 1085 3422 ·

349 3477 396 3541 16.
419 3431 607 3540 Gothorum
624 3478 667 3541 ab
683 3487 793 3541 turma
819 3478 988 3542 vallantur
1015 3479 1148 3550 moenia
1173 3478 1381 3560 Burdegalae
1406 3499 1472 3560 qua
1497 3479 1604 3542 sancti

476 3574 626 3638 membra
642 3573 773 3638 fuerant
788 3576 862 3638 sita.

349 3716 396 3781 17.
420 3701 518 3766 Plebs
534 3722 614 3784 ergo
631 3702 743 3766 subito
760 3712 850 3766 metu
868 3721 1024 3784 percussa
1040 3701 1176 3767 advolat
1199 3721 1266 3784 qua
1289 3701 1410 3765 summi
1435 3700 1603 3784 pontificis

477 3807 548 3862 erat
565 3817 647 3862 urna
665 3821 672 3877 ;
1423 3847 1424 3850 ¹

349 3894 395 3957 18.
420 3893 448 3956 F
450 3893 517 3958 letu
535 3905 623 3959 rorat
640 3915 707 3973 ora,
723 3915 804 3958 voce
820 3894 972 3958 clamitat
986 3895 1169 3958 immensa:
1185 3899 1200 3926 ‘⁴
1216 3895 1279 3971 En,
1290 3903 1413 3977 pastor,
1425 3893 1473 3957 ier
1485 3894 1604 3958 ovibus

474 3989 641 4073 suffragia.
658 3991 673 4018 ''

349 4135 396 4201 19.
420 4119 492 4184 Nec
510 4142 612 4200 mora,
629 4131 766 4186 vocatus
776 4123 888 4198 adest,
905 4120 1013 4185 serens
1030 4122 1135 4202 petita
1150 4119 1278 4204 populo
1294 4121 1470 4204 praesidia.

346 4232 396 4280 20.
421 4216 551 4283 Iniecto
567 4219 622 4283 die
639 4219 727 4282 nube
742 4228 849 4282 taetra
865 4218 979 4282 hostes
995 4227 1192 4300 premuntur
1206 4218 1349 4300 caligine
1365 4219 1477 4283 densa

347 4369 396 4417 21.
420 4349 629 4416 Tenentibus
647 4349 752 4414 visum
770 4351 916 4414 tenebris
933 4348 1051 4413 bellica
1067 4349 1133 4412 iam
1152 4369 1218 4412 non
1235 4358 1417 4414 attrectant
1432 4370 1534 4431 arma,

346 4465 395 4513 22.
420 4448 488 4514 Sed
499 4447 591 4512 dubii
602 4447 750 4530 pendent
761 4466 847 4530 quae
857 4457 930 4509 tuta
941 4455 1208 4529 quaerant‚quae
1219 4445 1408 4528 relinquant
1418 4449 1608 4514 metuenda.

347 4596 396 4661 23.
421 4580 470 4646 Ut
486 4579 623 4643 tandem
641 4586 759 4659 optata
775 4577 842 4640 iam
859 4584 952 4658 patet
969 4576 1016 4638 eis
1033 4574 1121 4658 fuga,
1137 4575 1230 4640 ocius
1245 4575 1403 4640 deserunt
1418 4577 1562 4640 tentoria
1577 4597 1585 4654 ;

348 4692 398 4755 24
423 4676 595 4760 Equorum
612 4673 773 4738 amittunt
788 4675 889 4738 etiam
902 4671 1067 4735 solamina
1079 4692 1154 4736 curn
1169 4692 1292 4754 magna
1305 4691 1413 4736 rerum
1427 4673 1609 4756 opulentia.

350 4819 399 4888 25.
425 4807 578 4890 Suntque
594 4806 721 4870 civibus
739 4803 817 4896 lacti
834 4803 958 4888 praeda
974 4803 1030 4886 qui
1048 4823 1163 4886 rapere
1179 4811 1338 4868 venerant
1354 4803 1482 4868 civibus
1498 4824 1557 4869 sua
1572 4825 1580 4882 ;

351 4906 401 4972 26.
424 4904 497 4969 Nec
509 4904 572 4970 sert
584 4901 699 4974 comiti
711 4922 810 4986 opem
824 4919 937 4966 comes
949 4899 1030 4964 dum
1043 4900 1085 4963 de
1097 4901 1165 4966 vita
1178 4902 1359 4983 desperans
1369 4899 1454 4985 sugit
1465 4902 1607 4988 propria.
