4096 5794
728 531 946 585 REGISTRVM
973 534 1174 587 PROSARVM
1506 540 1576 614 595

317 707 437 770 Gaudia
452 706 538 768 nobis
553 705 662 786 opima
690 755 1492 778 ............................................................
1507 715 1577 816 '2⁴49

317 803 472 864 Generosa
489 800 494 881 Ι
512 802 664 862 caelorum
683 799 688 883 Ι
707 802 825 881 Regina
839 823 913 878 rosa,
934 803 939 884 Ι
959 807 1057 867 Mater
1077 807 1134 885 pia
1161 853 1491 870 .........................
1537 809 1576 887 4'0

315 892 470 956 Geremari
483 911 584 953 annua
602 891 608 972 Ι
626 893 715 954 laude
730 894 815 972 plebs
829 895 973 956 dulciflua
990 893 995 975 Ι
1014 898 1146 958 celebret
1162 900 1329 960 sollemnia.
1353 947 1491 961 ...........
1516 923 1576 980 304

315 980 467 1065 [Gloriose
480 985 597 1062 praesul
618 981 750 1065 Claudi}
776 1031 1490 1052 ......................................................
1519 1015 1576 1072 ²19

315 1074 446 1136 Gloriosi
457 1074 636 1136 confessoris
655 1072 659 1155 Ι
678 1075 769 1153 digna
781 1077 877 1137 laudis
892 1089 922 1138 et
937 1079 1059 1139 honoris
1077 1077 1082 1159 Ι
1100 1079 1216 1157 agimus
1227 1083 1392 1144 sollemnia
1420 1129 1492 1142 ......
1540 1105 1578 1143 20

315 1167 444 1227 Gloriosi
460 1165 603 1244 praesulis
622 1165 627 1245 Ι
645 1165 683 1225 sit
694 1165 799 1226 festiva
813 1167 937 1245 singulis
955 1167 960 1248 Ι
979 1169 1043 1230 dies
1059 1171 1162 1231 Sancti
1175 1173 1308 1232 Maximi.
1340 1220 1494 1232 ............
1520 1193 1576 1252 547

315 1256 460 1318 Gloriosis
475 1275 544 1316 cum
570 1255 701 1316 modulis
719 1255 725 1336 Ι
742 1257 938 1318 decantemus
958 1278 1039 1319 nunc
1061 1262 1207 1338 praesulis
1225 1261 1230 1342 Ι
1249 1265 1392 1325 Germani
1415 1285 1496 1343 prae-

396 1367 494 1410 conia
523 1391 1491 1415 ........................................................................
1519 1375 1575 1434 5¹²

317 1440 410 1500 Grato
427 1439 554 1517 psallens
565 1439 690 1499 laudum
704 1438 875 1517 praeconio,
894 1439 899 1518 Ι
919 1441 1027 1501 Laudo
1043 1443 1148 1504 laudes
1163 1445 1258 1505 solvat
1280 1446 1354 1506 haec
1375 1445 1493 1522 concio,

414 1529 420 1609 Ι
436 1540 466 1590 et
481 1529 603 1590 resultet
617 1528 756 1589 sollemni
770 1529 881 1607 gaudio
899 1527 904 1610 Ι
923 1531 1007 1608 plebs
1028 1531 1146 1593 devota
1175 1581 1491 1598 ........................
1518 1541 1576 1615 556

316 1620 506 1680 Gratulemur
525 1619 530 1699 Ι
547 1630 577 1680 et
588 1620 733 1680 laetemur
750 1615 755 1697 Ι
774 1639 891 1680 surnma
902 1639 972 1680 curn
986 1621 1105 1682 laetitia.
1133 1669 1490 1686 ...........................
1540 1645 1574 1703 13

317 1711 489 1771 Gratuletur
502 1711 611 1770 chorus
633 1709 697 1782 iste,
717 1710 722 1788 Ι
741 1711 840 1786 sitque
860 1712 964 1788 procul
979 1731 1071 1772 omne
1086 1713 1169 1776 triste
1187 1713 1192 1796 Ι
1210 1717 1249 1776 ab
1271 1716 1329 1777 isto
1351 1717 1489 1796 collegio.
1518 1738 1575 1794 ¹03

316 1803 490 1864 Gratuletur
504 1803 573 1886 urbs
598 1801 708 1861 devota
726 1800 731 1881 Ι
749 1803 940 1863 Turonorum
970 1815 1071 1864 mente
1093 1815 1163 1878 tota,
1185 1807 1352 1886 {concordi
1372 1808 1492 1867 laetitia.
1517 1827 1574 1885 455

318 1893 387 1953 Hac
401 1894 431 1954 in
446 1893 496 1956 die
510 1890 620 1954 celebri
639 1891 644 1970 Ι
662 1891 783 1952 Christo
795 1891 872 1970 Regi
886 1891 998 1969 gloriae
1017 1891 1022 1973 Ι
1040 1909 1127 1955 sonet
1142 1915 1198 1957 vox
1224 1897 1389 1958 Ecclesiae.
1419 1945 1491 1956 ......
1519 1903 1576 1976 585

317 1985 386 2045 Hac
400 1985 431 2046 in
446 1984 497 2047 die
510 1985 695 2063 gaudeamus
714 1981 719 2062 Ι
737 1993 766 2044 et
782 1982 910 2045 Melloni
925 1986 1091 2046 recolamus
1109 1985 1113 2066 Ι
1133 1986 1256 2049 virtutes
1265 2001 1295 2049 et
1311 1990 1429 2066 praelia.
1520 1994 1576 2063 184

316 2080 385 2138 Hac
399 2075 430 2136 in
441 2077 491 2138 die
507 2075 514 2158 Ι
532 2077 658 2138 laetetur
671 2075 781 2135 chorus
796 2075 902 2148 tidelis,
921 2074 926 2155 Ι
945 2077 1082 2136 Alleluia.
1106 2123 1492 2141 .............................
1523 2102 1576 2140 102

315 2171 384 2229 Hac
398 2167 428 2229 in
443 2168 493 2230 die
507 2167 613 2228 laudes
628 2164 704 2244 piae,
723 2183 749 2227 ν.
766 2167 836 2227 Hac
851 2167 880 2225 in
896 2168 947 2227 die
963 2179 1080 2228 mentes
1095 2169 1170 2246 piae.

316 2263 386 2320 Hac
400 2259 431 2320 in
446 2260 496 2322 die
508 2269 624 2320 mentes
633 2257 700 2335 piae
717 2255 723 2337 Ι
741 2258 817 2320 caeli
829 2258 953 2336 iungant
965 2259 1139 2322 harmoniae
1156 2259 1161 2342 Ι
1182 2263 1303 2340 plausus
1312 2275 1342 2324 et
1352 2261 1489 2342 tripudia.
1518 2283 1574 2340 1¹9

317 2353 404 2412 Haec
418 2363 462 2413 est
477 2349 541 2412 dies
558 2348 644 2410 nobis
667 2350 752 2423 laeta,
772 2348 777 2430 Ι
796 2347 861 2410 dies
877 2359 996 2412 nostrae
1019 2352 1123 2411 mortis
1147 2365 1235 2427 meta,
1255 2351 1260 2433 Ι
1279 2373 1339 2432 qua
1363 2367 1495 2414 mutatur

399 2445 470 2507 thau
486 2442 516 2502 in
528 2443 619 2516 theta,
639 2439 644 2521 Ι
662 2441 732 2502 oad
746 2441 835 2519 alpha
853 2440 996 2502 vertitur·
1011 2489 1491 2506 ....................................
1517 2447 1574 2522 ²5⁶

316 2537 379 2598 Hic
390 2536 512 2608 exsulta,
522 2534 607 2612 plebs
617 2531 732 2594 fidelis:
752 2531 758 2614 Ι
776 2533 835 2592 iam
847 2532 975 2593 exsultat
984 2535 1072 2612 Lupo
1081 2535 1172 2596 caelis
1191 2537 1197 2618 Ι
1214 2538 1387 2598 caelestium
1400 2536 1490 2597 curia
1517 2554 1572 2613 215

317 2629 458 2702 Hilarius,
474 2626 521 2687 via
532 2644 661 2699 morum,
680 2623 685 2704 Ι
703 2625 821 2702 praesul
839 2622 895 2684 luit
914 2624 1115 2687 Pictavorunr.
1138 2671 1490 2688 ...........................
1517 2633 1574 2704 238

315 2720 491 2781 Hodiernae
506 2719 555 2777 lux
569 2715 630 2777 diei
648 2719 653 2796 Ι
671 2715 797 2778 celebris
812 2715 946 2791 martyris
962 2715 1020 2776 Dei
1039 2715 1044 2794 Ι
1062 2729 1231 2794 praesentat
1252 2719 1418 2780 sollemnia.
1536 2738 1572 2791 42

315 2809 491 2872 Hodiernae
506 2809 556 2866 lux
570 2806 630 2867 diei
649 2807 653 2886 Ι
673 2805 809 2884 martyris
822 2805 853 2864 in
864 2804 961 2866 sancti
977 2805 1035 2866 Dei
1053 2806 1058 2886 Ι
1077 2808 1172 2885 agitur
1194 2809 1348 2874 memoria.
1375 2855 1487 2867 .........
1515 2828 1568 2885 31¹

314 2901 473 2961 Hodierna
484 2899 535 2958 lux
547 2896 690 2958 sollennis
708 2897 714 2976 Ι
732 2914 787 2956 nos
801 2897 840 2956 ad
854 2895 966 2975 gloriae
978 2901 1117 2974 perennis
1135 2899 1141 2979 Ι
1160 2899 1264 2960 invitat
1279 2899 1424 2960 convivia
1514 2917 1570 2976 335

314 2991 471 3054 Hodierna
483 2987 495 3068 ΙΙ
508 2991 664 3050 Resonent
677 2987 787 3065 gaudia
801 2987 942 3048 virtutum
961 2991 1118 3065 praeclara.
1143 3035 1489 3051 ..........................
1514 2995 1573 3067 580
1608 3045 1611 3052 ,

312 3085 422 3145 Honor
436 3093 465 3144 et
486 3080 638 3160 gaudium,
657 3079 663 3159 Ι
682 3091 816 3139 nostrum
838 3080 994 3156 retugium,
1014 3077 1019 3160 Ι
1038 3081 1169 3142 Corneli.
1194 3126 1200 3140 .
1213 3125 1489 3140 .....................
1512 3097 1570 3157 477

311 3175 479 3254 imperator
498 3171 636 3245 maxime,
655 3171 660 3252 Ι
679 3171 797 3233 Christe
812 3171 1035 3248 benignissime,
1054 3170 1059 3252 Ι
1078 3171 1149 3232 Tibi
1163 3173 1227 3234 laus
1242 3185 1272 3234 et
1286 3173 1388 3250 gloria.
1414 3217 1486 3230 ......
1531 3189 1568 3250 45

310 3267 348 3326 In
362 3263 418 3326 his·
429 3261 593 3326 sollemniis
612 3263 617 3342 Ι
638 3260 821 3322 visitationis
840 3260 845 3342 Ι
866 3261 980 3323 Mariae
995 3262 1125 3341 Virginis
1144 3261 1149 3343 Ι
1166 3262 1247 3324 dicat
1264 3264 1347 3342 plebs
1369 3262 1487 3323 tidelis:
1606 3257 1609 3264 '

408 3353 413 3434 Ι
433 3357 452 3388 “
466 3354 495 3416 0
510 3353 615 3414 mundi
629 3371 706 3431 spes,
722 3370 784 3413 ave
801 3353 817 3380 ”
842 3397 1483 3414 ................................................
1508 3372 1566 3426 422

311 3448 348 3506 ln
363 3447 478 3508 honore
492 3442 627 3506 salutaris
646 3442 651 3523 Ι
668 3442 771 3504 Sancti
783 3443 882 3502 Rochi
892 3444 1071 3504 confessoris
1089 3443 1094 3524 Ι
1112 3457 1216 3522 agatur
1230 3445 1384 3508 memoria.
1411 3490 1483 3502 ......
1510 3461 1568 3521 545

311 3537 349 3598 lu
364 3537 478 3598 honore
492 3533 610 3595 Viviani
628 3531 634 3614 Ι
652 3534 861 3596 sollemnizant
875 3533 1036 3597 Christiani
1055 3536 1061 3616 Ι
1078 3549 1160 3614 grata
1181 3537 1287 3597 dantes
1306 3534 1422 3613 gaudia
1510 3555 1565 3608 241

312 3630 350 3688 ln
365 3627 503 3689 Marthae
517 3626 676 3687 sollernnio
694 3623 698 3705 Ι
717 3637 827 3704 pangat
838 3623 937 3686 omnis
951 3625 1059 3686 concio
1078 3625 1082 3706 Ι
1101 3627 1223 3688 Christo
1251 3628 1345 3687 melos
1366 3625 1484 3703 gloriae
1510 3649 1546 3705 3²
1551 3651 1568 3708 3

312 3721 349 3778 In
363 3738 485 3781 omnem
499 3717 510 3798 ΙΙ
522 3720 646 3778 Terram
670 3719 737 3778 Deo
759 3719 823 3777 laus
845 3729 983 3794 personet
998 3717 1180 3778 dulcissima.
1209 3761 1484 3777 .....................
1513 3724 1567 3798 185

312 3811 349 3869 In
363 3809 519 3888 praeconis
546 3821 577 3869 et
598 3808 745 3886 baptistae
762 3807 768 3886 Ι
786 3808 972 3886 expendatur
999 3808 1064 3869 dies
1085 3807 1141 3870 iste
1160 3807 1164 3886 Ι
1183 3810 1347 3871 reverendo
1367 3809 1485 3887 gaudio.
1509 3831 1568 3889 449

312 3899 488 3962 lusistentes
503 3911 574 3960 tuae
588 3897 678 3972 laudi,
698 3897 704 3978 Ι
723 3899 751 3959 Ο
773 3898 869 3958 Maria
884 3911 987 3973 mater,
1003 3898 1083 3974 audi,
1103 3898 1108 3980 Ι
1127 3901 1230 3978 culpas
1245 3911 1359 3960 nostras
1378 3899 1483 3962 abiice
1510 3923 1567 3980 353

312 3992 394 4052 Inter
419 4002 505 4052 natos
529 3989 697 4063 mulierum,
716 3989 721 4070 Ι
741 4001 773 4050 ut
804 4001 928 4051 testatur
957 3990 1089 4051 Verbum
1115 4009 1227 4065 verum,
1246 3988 1251 4070 Ι
1270 3990 1364 4051 maior
1397 4010 1487 4053 nemo

391 4081 508 4160 prodiit.
535 4125 1482 4142 .......................................................................
1533 4107 1564 4145 11

311 4173 489 4248 locundare,
505 4173 588 4276 plebs
605 4171 783 4245 Bremensis,
803 4170 808 4251 Ι
827 4171 867 4231 de
891 4183 952 4232 tam
978 4171 1059 4232 miris
1078 4185 1108 4234 et
1122 4172 1276 4234 immensis
1295 4172 1301 4254 Ι
1318 4173 1406 4234 donis
1432 4175 1486 4236 tibi

390 4263 439 4324 hic
453 4263 579 4326 ostensis
597 4261 603 4344 Ι
621 4283 691 4324 cum
706 4265 816 4324 decore
831 4261 921 4323 vario.
949 4308 1482 4326 ........................................
1512 4270 1568 4344 198

309 4354 463 4416 Iocundus
479 4355 632 4416 Ecclesiae
650 4353 655 4435 Ι
673 4355 783 4415 chorus
797 4355 876 4414 colat
891 4353 982 4416 hodie
1001 4352 1007 4436 Ι
1025 4355 1125 4417 votiva
1136 4357 1299 4417 sollemnia
1325 4403 1480 4418 ............
1507 4361 1566 4436 538

309 4449 340 4508 Is
354 4466 406 4526 qur
398 4447 501 4509 'solus
516 4460 561 4510 est
582 4449 645 4508 Ens
659 4467 712 4525 per
726 4449 773 4519 Se,
793 4443 798 4526 Ι
817 4445 858 4508 rei
881 4447 977 4508 iactor
1001 4447 1157 4510 universae
1174 4445 1206 4522 Ι
1198 4461 1280 4509 ruxta
1304 4451 1399 4510 Suum
1422 4450 1486 4510 libi-

389 4551 462 4600 tum.
486 4583 1483 4602 ...........................................................................
1510 4563 1566 4619 29²

309 4630 364 4693 Isti
377 4633 457 4694 duae
469 4643 539 4694 sunt
557 4631 655 4694 olivae
672 4629 677 4712 Ι
696 4649 824 4709 quorum
845 4633 954 4692 chorus
976 4631 1026 4692 hic
1047 4631 1152 4693 festive
1169 4630 1174 4714 Ι
1193 4633 1297 4694 recolit
1318 4635 1483 4697 sollemnia.
1507 4655 1563 4711 491

311 4721 365 4782 Isti
380 4735 485 4786 sancto
497 4723 661 4787 confessori
679 4721 684 4804 Ι
704 4723 877 4801 augelorum
896 4720 991 4783 sancti
1006 4723 1091 4784 chori
1108 4723 1113 4806 Ι
1146 4737 1339 4786 occurrerunt
1353 4727 1481 4788 obviam.
1507 4745 1566 4802 334

311 4811 366 4874 Isti
380 4828 449 4878 sunt
464 4819 543 4880 duae
557 4817 661 4890 olivae,
682 4813 687 4896 Ι
706 4814 753 4876 isti
767 4815 846 4876 duae
871 4813 1037 4893 primitivae
1055 4814 1060 4896 Ι
1078 4817 1194 4878 radices
1220 4818 1380 4880 Ecclesiae
1408 4865 1481 4878 ......
1509 4821 1567 4878 260

313 4905 447 4978 Iubilana
460 4928 610 4988 concrepa
624 4927 705 4970 nunc
718 4907 938 4985 paraphonista.
964 4955 1483 4972 .......................................
1512 4929 1566 4988 175

314 4997 481 5063 Iubilemus
494 5013 617 5066 aeterno
631 4999 708 5079 Regi
722 5018 797 5060 voce
818 4999 1059 5078 praeclarissima
1086 5047 1484 5063 ..............................
1509 5005 1569 5080 446
