4102 5792
471 503 545 593 486
634 525 775 574 mosae
803 522 1006 572 Recensum
1033 525 1252 577 sconsum
1280 527 1590 583 coureunmnsrs

779 717 797 780 7
1404 723 1437 769 ll
1466 719 1469 726 '

517 816 665 898 Replens
683 813 780 876 melle
798 813 1043 896 Scripturarum
1149 817 1362 882 Constitutus
1379 839 1479 901 super
1494 830 1622 902 gentes,

518 917 621 978 instar
637 932 738 994 apum
756 913 972 993 mysticarum
1149 923 1230 988 arat,
1247 911 1330 975 lodit
1348 912 1454 993 plebis
1472 925 1609 992 menteS,

562 1009 682 1072 mentis
699 1006 852 1084 alvearia,
1147 1028 1264 1090 vepres
1280 1007 1378 1084 tollit,
1394 1008 1486 1072 vellit
1503 1023 1614 1074 sentes

561 1105 661 1188 Quod
679 1104 861 1166 mandabat
880 1105 1006 1168 Littera
1191 1113 1223 1165 et
1240 1122 1392 1185 quaeque
1410 1104 1540 1167 sterilia.

562 1201 632 1263 eius
649 1199 765 1281 implet
782 1219 892 1280 opera,
1149 1197 1326 1276 Aedificat,
1342 1199 1482 1282 plantat,
1498 1205 1586 1279 serit,

562 1307 676 1362 sancta
693 1296 874 1378 diligentia.
1148 1315 1216 1357 rem
1235 1295 1343 1357 coloni
1360 1297 1443 1358 sacri
1459 1297 1553 1378 gerit,

781 1426 800 1486 3
1148 1400 1182 1453 et
1199 1409 1264 1452 non
1282 1411 1368 1472 quae
1384 1412 1443 1454 sua
1459 1403 1537 1456 sunt
1553 1395 1692 1475 quaerit,

1194 1485 1251 1548 sed
1268 1485 1357 1548 lucra
1375 1486 1540 1552 caelestia.

1407 1599 1442 1644 12

1154 1694 1208 1755 Ex
1226 1693 1393 1757 lucrorum
1412 1696 1484 1759 zelo
1501 1697 1560 1760 tali

1150 1810 1227 1852 cura
1244 1787 1374 1853 fervens
1392 1791 1559 1872 pastorali,

1152 1886 1257 1949 imbre
1274 1887 1359 1968 rigat
1375 1888 1515 1968 spiritali

1195 1981 1344 2044 cordium
1364 1983 1518 2062 novalia;

1152 2077 1405 2160 Coruscansque
1422 2080 1589 2143 miraculis

780 2155 801 2214 9
1152 2173 1308 2236 inauditis
1324 2194 1344 2236 a
1360 2175 1501 2238 saeculis

523 2253 583 2314 Per
600 2249 687 2313 hunc
704 2267 803 2330 aeger
819 2249 1008 2330 sospitatur,
1153 2268 1258 2332 multa
1275 2268 1353 2332 facit
1369 2271 1400 2332 ῑῃ
1419 2271 1551 2352 populis

520 2346 667 2409 esuriens
684 2344 768 2406 redit
785 2353 876 2405 satur
1196 2364 1292 2445 signa
1308 2375 1341 2427 et
1357 2367 1519 2448 prodigia,

565 2441 657 2522 larga
675 2450 789 2522 pastus
806 2439 902 2520 copia
919 2462 925 2516 ;
1409 2495 1419 2539 Ι
1428 2494 1445 2556 3

523 2537 632 2612 Caeci,
648 2535 767 2610 claudi,
783 2535 882 2606 surdi,
900 2536 992 2610 muti,
1154 2589 1275 2651 Verbis
1291 2589 1358 2650 suis
1376 2589 1542 2653 mellifluis

525 2631 744 2695 restituuntur
760 2629 868 2704 saluti,
1591 2687 1598 2700 ,

566 2735 703 2789 sanatur
719 2725 855 2787 insania.
1154 2703 1325 2764 nunquam
1343 2705 1362 2746 a
1380 2684 1487 2748 fructu
1504 2705 1616 2748 vacuis
1659 2719 1660 2722 ¹

1154 2800 1173 2841 a
1189 2778 1326 2842 culturis
1343 2779 1508 2842 idolorum

777 2868 814 2913 ¹0
1151 2885 1184 2937 et
1201 2873 1365 2938 fermento
1382 2896 1589 2957 paganorum

524 2973 682 3038 Exanimi
699 2973 850 3035 cadaveri
1194 2971 1345 3033 liberavit
1363 2970 1466 3034 millia
1481 2993 1487 3048 ;

522 3069 610 3134 idem
628 3079 725 3132 natus
742 3067 888 3131 misereri
1154 3067 1283 3129 Harum
1301 3065 1424 3129 fractus
1441 3066 1540 3128 lucris
1557 3087 1677 3146 rerum,

565 3165 652 3229 vitae
669 3165 778 3227 reddit
793 3165 898 3245 spolia
915 3185 921 3232 ;
1151 3163 1226 3225 Deo
1241 3162 1359 3243 plenus
1376 3173 1409 3225 et
1426 3163 1563 3238 dierum,

524 3261 620 3325 Felix
636 3261 706 3322 dies
724 3260 892 3322 Noviomo
1151 3259 1258 3320 carnis
1274 3269 1397 3321 exutus
1413 3258 1600 3340 chlamyde,

522 3377 588 3440 qua
606 3354 641 3418 fit
657 3356 727 3416 eius
744 3364 857 3416 tantus
874 3354 976 3417 homo
1153 3358 1184 3418 in
1202 3355 1308 3418 forma
1325 3355 1465 3436 spherae
1481 3355 1612 3418 lucidae

568 3450 696 3533 praesul
714 3470 751 3511 ac
769 3450 929 3513 custodia.
1196 3450 1278 3512 caeli
1296 3451 1384 3512 subit
1401 3451 1532 3532 gaudia.

522 1538 669 1620 Pupillus
687 1551 787 1618 atque
803 1537 920 1599 viduas

520 1653 689 1716 nunquam
709 1632 881 1694 remittens
898 1653 1019 1694 vacuas

563 1751 582 1794 a
599 1750 658 1793 sua
676 1729 872 1811 praesentia,

523 1829 566 1892 Et
584 1828 693 1890 nudus
709 1836 742 1890 et
759 1825 790 1886 in
809 1845 938 1888 carcere

519 1923 622 2006 duplo
639 1923 823 2005 gaudentes
841 1941 975 1983 munere

564 2020 702 2082 redeunt
719 2017 760 2079 ad
780 2016 920 2098 propria.

481 3619 724 3784 OManusgeglgs.
748 3649 860 3781 P2¹³¹³²
877 3649 948 3704 Bibl.
965 3651 1040 3717 Nat,
1058 3651 1150 3718 16823,
1167 3649 1266 3703 Missel
1277 3649 1312 3702 de
1321 3650 1570 3718 Saint-Comeille‚
1580 3649 1639 3704 xiiie
1648 3649 1743 3718 siecle,

509 3749 525 3794 ,·
560 3743 651 3797 1731,
703 3745 757 3797 em,
797 3770 803 3783 .

515 3887 530 3926 2
545 3877 566 3926 b
597 3863 648 3942 per
660 3889 745 3943 quam
759 3873 1079 3928 Fontisebraldmudod.

514 3966 561 4019 70
592 3951 716 4006 alveario
730 3952 896 4009 Novr'omen.

515 4035 565 4088 8d
599 4033 634 4086 Et
648 4031 716 4085 nudi
731 4034 897 4088 Noviomcn.
931 4037 1047 4104 Egenos
1069 4047 1096 4090 et
1118 4035 1145 4088 in
1167 4033 1486 4088 Fontiscbralden.1606.
1517 4037 1531 4085 i
1561 4031 1679 4087 redemit
1702 4032 1741 4086 ad

479 4115 592 4184 propria
605 4115 924 4170 Fontisebraldenubod.

513 4210 531 4262 9
551 4197 605 4249 Les
619 4197 691 4250 deux
705 4197 810 4264 parties
820 4199 856 4254 de
866 4208 940 4253 cette
949 4200 1066 4268 strophe
1075 4209 1139 4253 sont
1150 4197 1326 4252 interverties
1336 4197 1407 4250 dans
1419 4191 1740 4248 Fontisebraldennuoe.

499 4279 565 4328 10b
595 4275 671 4330 idem
685 4289 834 4348 promptus
848 4280 1015 4334 noviomen.
1047 4297 1064 4333 e
1095 4279 1186 4333 reddit
1200 4295 1318 4332 munera
1330 4277 1497 4328 Noviomcn.
1526 4277 1548 4326 d
1574 4270 1741 4325 diesnovus

478 4356 564 4411 homo
578 4358 896 4414 Fontr'sebralden.1606.
930 4365 943 4414 i
974 4378 990 4413 a
1004 4361 1134 4415 custodia
1147 4354 1465 4414 Fontz'sebraldenndon.

499 4453 527 4490 11
543 4455 560 4492 c
593 4440 667 4493 velut
683 4451 778 4495 sentes
792 4441 1111 4496 Fontisebralden.1606.

499 4533 529 4572 12
543 4535 561 4572 c
591 4519 663 4590 rigat
677 4522 767 4577 imbre
781 4524 948 4579 Noviomen.
963 4519 1281 4578 r'onmebraldenmod

499 4613 508 4651 r
515 4613 529 4666 3
544 4603 558 4652 f
588 4600 656 4655 lucri
670 4602 700 4654 F
700 4603 990 4658 onusebraldmneos.
