4108 5794
613 623 757 675 PROSAE
783 619 988 674 ECCLESIAE
1015 623 1254 674 SENONENSIS
1482 623 1548 672 211

298 797 333 888 de
347 797 617 933 Segeixinsiecle,
631 801 691 856 SE.
724 801 876 856 Lortnttns
892 817 898 854 :
915 800 989 856 Mus.
1006 801 1085 870 Brit,
1107 800 1181 855 Add.
1198 800 1295 869 50058,
1311 798 1410 854 Missel
1425 799 1460 855 de
1475 801 1557 868 Sens,

298 885 353 932 xur·
365 893 388 932 st
408 894 460 947 ce,
526 920 533 934 .

334 1010 384 1060 ab
414 1005 617 1078 quisicvoluit
633 1009 661 1065 V.

333 1099 380 1152 40
409 1085 555 1142 dimittens
567 1089 638 1144 MR.
651 1089 722 1144 U.V.
737 1089 887 1154 Senonen.,·
899 1087 994 1159 ajoute
1006 1087 1259 1158 posterieurement
1273 1086 1332 1142 SE.

335 1171 386 1300 gi)
406 1167 598 1317 (gillilhffiie
613 1247 641 1302 V.
673 1251 697 1302 k
715 1247 784 1304 dare
797 1247 895 1304 debita
909 1247 979 1301 MR.
993 1245 1017 1300 S
1020 1251 1037 1300 ².
1054 1245 1211 1301 V.LG.SE.
1221 1246 1356 1301 Senonen.
1375 1247 1456 1300 Nous
1469 1246 1556 1316 adop·

300 1333 364 1379 tons
376 1324 403 1380 le
412 1334 487 1381 texte
496 1326 532 1381 de
545 1325 578 1394 U,
591 1342 675 1396 parce
684 1344 739 1398 que
749 1339 842 1384 toutes
853 1327 895 1381 les
903 1335 999 1381 autres
1009 1327 1140 1397 strophes
1148 1325 1184 1380 de
1192 1335 1266 1380 cette
1274 1325 1354 1394 piece
1364 1325 1466 1380 timent
1475 1343 1510 1379 en
1519 1326 1556 1380 ia.

337 1417 382 1470 70
411 1406 539 1462 exultans
553 1406 613 1460 LG.
646 1412 660 1460 t
689 1419 786 1478 raptus
798 1418 842 1463 est
856 1407 893 1462 ad
907 1407 935 1461 V.
967 1421 1090 1477 superna
1105 1405 1162 1477 poli
1175 1407 1249 1461 MR.
1264 1406 1292 1460 V.
1306 1406 1366 1461 LG.
1382 1406 1521 1461 Senonen.

558 1793 636 1863 140.
669 1769 743 1842 DE
773 1767 998 1842 SANCTO
1030 1767 1308 1842 MARTINO.

610 2023 622 2068 1
1234 2017 1257 2078 4

474 2134 604 2199 Vernat
618 2153 754 2218 gemma
1019 2129 1120 2214 Quod
1140 2129 1306 2193 Martinus
1323 2129 1473 2205 iusserat,

349 2229 521 2310 Martinus,
537 2232 687 2295 minister
703 2231 821 2306 bonus,
1020 2247 1154 2310 mergus
1174 2245 1278 2309 aquas
1295 2225 1446 2308 liquerat,

473 2329 528 2392 die
544 2330 608 2393 ista
617 2352 625 2410 ;
1102 2333 1219 2405 petens
1236 2321 1340 2398 sicca;

476 2427 594 2491 Pastor
606 2428 704 2504 mitis,
1019 2419 1115 2504 Quos
1132 2439 1221 2484 mors
1234 2418 1428 2502 alligaverat

349 2540 408 2586 nec
423 2523 533 2606 gregis
550 2543 706 2586 recusans
716 2541 811 2600 onuS,
1019 2516 1150 2599 praesul
1168 2517 1395 2592 suscitaverat,

475 2640 573 2702 prece
589 2620 653 2703 pia.
1107 2631 1204 2694 prece
1220 2612 1286 2694 pia.

608 2786 626 2832 2
1240 2737 1255 2804 5

1020 2826 1164 2892 Vocavit
1181 2847 1240 2910 per
1255 2825 1408 2909 spiritum

433 2918 577 2982 Turonis
593 2917 760 3000 praesidio
1020 2923 1113 2988 Deus
1129 2923 1235 2986 civem
1253 2921 1429 3004 inclytum,

433 3014 503 3078 eius
519 3023 552 3078 et
565 3013 705 3077 consilio
1021 3041 1098 3103 spes
1113 3020 1272 3102 cognovit
1288 3019 1419 3083 obitum

476 3109 538 3174 tuit
554 3119 628 3173 tuta
641 3129 649 3188 ;
1106 3115 1317 3197 praemunita
1326 3137 1333 3194 ;

434 3205 608 3270 Trinitatis
625 3203 734 3267 incola
1021 3211 1131 3275 Nocte
1147 3211 1279 3294 praesul
1297 3211 1408 3275 media

435 3301 532 3384 fregit
548 3299 679 3384 praesul
697 3300 797 3376 idola,
1024 3309 1121 3391 petiit
1137 3307 1303 3386 caelestia,

478 3395 543 3460 fide
559 3405 667 3478 capta.
1022 3413 1055 3467 et
1072 3423 1141 3466 vox
1159 3423 1217 3486 per
1232 3403 1389 3467 sublimia

1109 3509 1159 3562 est
1175 3498 1302 3563 audita.

611 3566 628 3629 ³
1239 3601 1261 3662 6

436 3699 504 3784 Spe
521 3699 671 3763 firmatus
687 3699 856 3777 constitit;
1064 3706 1083 3734 “
1100 3702 1249 3766 Martino
1266 3701 1391 3780 iustior,

435 3797 531 3880 signo
548 3795 664 3861 Crucis
682 3797 803 3860 restitit
852 3862 853 3866 ,
1067 3817 1127 3860 000
1145 3797 1210 3860 fide
1222 3798 1377 3875 sanctior,

477 3891 576 3956 arbor
592 3892 695 3974 lapsa.
979 3911 1040 3954 000
1055 3911 1115 3973 par
1131 3893 1256 3968 extitit,
1272 3913 1332 3955 nec
1349 3894 1472 3956 melior.

438 3989 503 4052 Hic
519 3988 662 4070 partitus
678 3985 879 4069 clamydem,
1067 3985 1135 4069 Qui
1151 3988 1237 4051 vitro
1252 3989 1373 4070 purior,

436 4083 630 4167 angularem
648 4083 793 4166 lapidem
1067 4081 1154 4146 lacte
1170 4084 1354 4160 candidior,

482 4181 569 4245 texit
586 4179 650 4244 illa.
982 4180 1112 4243 cunctis
1128 4178 1239 4244 floruit
1256 4179 1403 4244 lucidior.
1422 4179 1438 4206 ”

349 4343 554 4396 Manuscrlts.
575 4339 809 4393 Mou'trttttttttt
829 4351 836 4389 ε
857 4333 929 4390 Bibl.
943 4335 980 4390 de
993 4319 1100 4390 l’Ecole
1123 4335 1159 4390 de
1180 4335 1342 4405 Medecine,
1360 4349 1402 4406 71,
1418 4337 1518 4393 Missel
1532 4338 1568 4394 de

311 4422 392 4488 Sens,
402 4419 514 4474 xta-xm
524 4417 617 4486 siecle,
637 4415 704 4470 MR.
737 4416 819 4469 Snus
832 4432 838 4469 :
854 4413 926 4469 Bibl.
940 4413 1570 4488 (1010111110,(16)-17,Μ10501(1050000000

310 4499 420 4572 ajouree
436 4517 470 4554 au
485 4498 552 4554 xviie
562 4497 654 4565 siecle,
670 4495 731 4550 SE.
1434 4535 1441 4546 ,

354 4653 369 4693 2
383 4645 396 4694 1
422 4648 503 4710 rapta
514 4637 585 4691 MR.
598 4636 747 4690 Belvacen.
757 4633 893 4688 Senonen.
902 4629 978 4700 1556.

354 4731 371 4787 3
385 4723 398 4771 t
430 4718 506 4772 illam
518 4717 588 4783 MR.
602 4714 750 4770 Belvacen.
764 4713 899 4768 Senonen.
909 4708 985 4780 1556.

352 4802 397 4864 41
425 4814 507 4869 prece
518 4797 581 4852 lusa
593 4795 665 4849 MR.

356 4889 369 4946 5
384 4893 404 4944 g
435 4877 503 4935 MR.
515 4872 716 4947 praesublimia
730 4870 877 4926 Belvacen.
887 4869 1025 4924 Senonen.
