4116 5784
494 527 571 600 314
785 524 928 577 PROSAE
941 531 944 540 ’
955 527 1158 579 ECCLESIAE
1185 528 1440 584 BELVACENSIS

531 720 581 772 4a
612 703 749 776 penderet
764 703 796 756 Χ.
830 707 851 756 b
877 704 983 760 fructus
996 705 1144 760 Belvacen.
1172 723 1190 762 c
1220 725 1285 762 curn
1298 717 1356 762 tarn
1369 708 1752 766 Belvacen.Pan'sien.1666.

496 786 569 841 bene
591 786 696 840 viveret
712 785 749 838 Χ.
762 784 819 840 CO.
835 785 1059 864 Parisienmddd.
1089 787 1140 842 sed
1160 797 1190 842 ut
1210 789 1283 844 bene
1298 789 1448 845 Tornacen.
1487 797 1513 844 d*
1535 790 1627 846 vitans
1649 808 1753 846 noxam

496 866 622 922 criminis
635 865 672 922 X.
683 865 739 928 CO.
749 866 890 920 Parisr'cn.
901 867 974 921 1666.
1007 867 1112 938 sprevit
1125 885 1228 924 noxam
1246 870 1273 923 T
1269 887 1395 924 ornacen.

520 954 582 1041 ¹5b
613 947 649 1002 sit
675 948 835 1018 exemplum
855 949 996 1004 Morinen.
1024 967 1042 1004 c
1071 949 1118 1004 Sic
1137 950 1244 1005 amissa
1268 952 1420 1006 Tornacen.
1453 957 1474 1006 d
1502 969 1566 1006 cum
1589 971 1675 1008 uxore
1688 953 1752 1006 Mo-

496 1045 585 1082 nnen.

533 1122 579 1173 7⁸
614 1109 676 1162 lam
688 1107 833 1162 Marr’nen.
865 1113 886 1162 d
916 1109 990 1162 Nam
1005 1111 1092 1164 oblita
1104 1111 1141 1164 X.

532 1189 582 1244 8a
613 1189 700 1258 Virgo
710 1188 743 1256 (t)
757 1189 899 1241 Mon'nen.
932 1207 949 1242 e
974 1191 1031 1245 Sed
1045 1190 1068 1244 si
1082 1191 1124 1244 M.
1154 1208 1274 1261 parcens
1287 1193 1433 1250 Belvacen.
1465 1193 1535 1264 regit
1550 1193 1630 1262 (!)X.
1662 1199 1676 1246 t
1704 1193 1754 1247 du-

498 1275 568 1324 dum
583 1270 726 1324 Mon'ncn.
759 1278 781 1322 n
808 1267 892 1338 elegit
906 1269 942 1322 X.
960 1271 1113 1326 Tornacen.

532 1365 581 1418 9a
612 1350 812 1406 coniuncturus
845 1349 887 1403 M.
898 1347 932 1402 Χ.
951 1350 1101 1406 Tornaccn.
1143 1356 1165 1406 b
1201 1351 1258 1408 fide
1289 1353 1386 1408 firmus
1415 1355 1563 1410 Belvacen.
1606 1359 1626 1408 d
1665 1351 1752 1406 vincit

459 1445 462 1450 ’
496 1429 611 1500 igneum
629 1431 777 1484 Belvacen.

517 1516 584 1566 rob
614 1510 824 1566 incombustum
835 1507 983 1563 Belvacen.
1017 1516 1038 1565 d
1067 1521 1186 1580 apparet
1199 1511 1243 1566 M.

517 1607 545 1644 11
561 1609 581 1646 a
612 1592 742 1646 Tandem
752 1604 851 1643 aurum
860 1587 1011 1646 Belvacen.
1042 1592 1070 1645 in
1084 1591 1198 1646 fornace
1209 1592 1351 1646 Mon'nen.
1365 1591 1392 1644 Τ
1387 1608 1516 1646 omacen.
1531 1589 1753 1647 Pan'sicn.1666.

496 1677 517 1726 d
545 1690 630 1743 quarn
649 1673 790 1726 Marinus
804 1667 1029 1728 Pausianrsss.
1060 1673 1181 1744 quan.
1213 1673 1325 1742 genitus
1339 1672 1373 1740 (i)
1388 1674 1529 1727 Morimn.

518 1759 585 1809 rab
614 1755 687 1809 ullus
697 1753 735 1808 X.

518 1849 583 1902 13a
612 1833 809 1904 martyriortis
821 1833 1046 1888 Pan'sien.1666.
1086 1839 1108 1888 b
1136 1833 1259 1903 quodX.

532 1916 558 1968 A
571 1915 599 1969 la
611 1915 684 1970 suite
696 1914 733 1969 de
745 1923 819 1968 cette
833 1914 949 1986 strophe
962 1929 999 1967 on
1012 1913 1043 1968 lit
1056 1911 1129 1967 dans
1142 1913 1169 1967 le
1184 1913 1283 1967 Missei
1297 1911 1334 1967 de
1346 1913 1482 1983 Toumay
1495 1931 1501 1968 :

1100 2023 1132 2075 14

903 2106 961 2162 Sed
980 2105 1060 2160 finito
1079 2107 1154 2162 vitae
1173 2117 1249 2162 statu

903 2204 937 2242 ex
954 2188 1010 2242 hoc
1029 2187 1103 2257 rapti
1123 2187 1248 2242 incolatu

937 2266 974 2321 ad
993 2265 1064 2321 caeli
1083 2265 1197 2336 palatia,

901 2346 1010 2400 Tecum
1027 2345 1173 2401 Christum
1192 2345 1349 2412 videamus,

902 2443 967 2481 cunr
986 2427 1078 2480 beatis
1096 2425 1273 2495 gaudeamus

938 2505 968 2560 in
986 2506 1102 2562 caelesti
1122 2506 1220 2576 gloria.

1096 2614 1126 2670 Ι5

939 2708 1032 2762 Amen
1051 2707 1147 2762 dicant
1167 2707 1271 2762 omnia

532 2833 588 2887 Ces
606 2849 671 2888 vers
690 2846 844 2907 manquent
864 2837 937 2892 dans
956 2854 1009 2892 nos
1028 2846 1123 2892 autres
1142 2847 1240 2892 textes.

801 3028 883 3079 210.
917 3005 991 3078 DE
1026 3003 1066 3078 S.
1087 3005 1457 3080 SEBASTIANO.

804 3191 816 3236 1
1170 3171 1219 3237 Ut
1235 3172 1384 3256 Virginis
1400 3171 1568 3255 gloriosae

539 3275 642 3340 Alme
659 3285 794 3361 martyr,
811 3277 842 3343 Ο
859 3276 1037 3360 praeclare,
1212 3268 1256 3332 sit
1272 3269 1369 3334 nobis
1385 3267 1559 3352 propitius·

538 3373 627 3454 apud
646 3373 816 3437 Christum
833 3373 1013 3454 deprecare
1432 3395 1453 3451 4

584 3487 646 3548 pro
662 3469 783 3532 nostris
800 3467 1002 3545 excessibus,
1170 3469 1285 3550 Atque
1303 3469 1402 3532 Pater
1417 3469 1475 3532 det
1491 3480 1632 3550 paterna

542 3561 735 3628 Collocatus
751 3563 832 3626 caeli
850 3565 929 3628 sede
1171 3565 1297 3648 pietate
1313 3565 1517 3646 sempiterna

541 3659 734 3742 suppliciter
750 3661 918 3724 intercede
1213 3661 1309 3725 nobis
1325 3659 1407 3724 caeli
1424 3660 1556 3744 gaudia,

584 3776 645 3838 pro
661 3757 789 3820 cunctis
806 3755 968 3822 fidelibus.
1170 3755 1270 3839 Quod
1287 3775 1436 3819 erramus
1453 3755 1499 3818 sic
1515 3755 1684 3818 condonet

803 3871 821 3916 2
1171 3863 1207 3916 ut
1223 3873 1298 3915 cum
1316 3851 1440 3915 sanctis
1457 3871 1517 3914 nos
1534 3859 1672 3914 coronet

541 3947 613 4010 Nos
631 3967 787 4031 urgemur
803 3959 854 4014 tot
870 3950 1041 4030 pressuris,
1214 3951 1246 4013 in
1264 3959 1399 4013 aeterna
1415 3948 1533 4032 patria.

531 4043 643 4106 'tantis
660 4044 764 4121 malis,
781 4046 882 4109 tantis
898 4046 984 4108 curis
1430 4068 1445 4134 5

584 4148 635 4202 tot
650 4139 918 4224 calamstatibus;
1173 4151 1211 4213 In
1228 4170 1294 4232 qua
1311 4161 1438 4231 martyr
1455 4147 1672 4214 Sebastianus
1696 4146 1752 4210 tri-

586 4233 653 4299 Sed
673 4235 740 4298 fieri
758 4239 939 4320 propitium
1128 4246 1269 4328 umphat
1292 4267 1367 4310 cum
1384 4247 1522 4309 caeteris
1544 4242 1754 4326 martyribus.

585 4331 750 4394 credimus
768 4333 831 4396 Dei
849 4335 971 4397 Filium
1431 4343 1452 4404 6

584 4428 651 4490 tuis
667 4429 769 4490 sacris
785 4430 950 4510 precibus.
1171 4438 1227 4501 nd
1248 4438 1356 4519 ipsius
1373 4438 1578 4500 consortium

802 4545 819 4607 3
1215 4553 1275 4595 nos
1292 4534 1404 4596 venire
1421 4532 1521 4595 iaciat

541 4621 640 4702 Ergo
657 4631 784 4703 martyr
800 4623 954 4703 pretiose,
1174 4628 1239 4711 Qui
1257 4628 1381 4692 electos
1397 4648 1475 4691 suos
1492 4648 1608 4690 omnes

574 4715 686 4807 ¹sunde
701 4735 826 4798 preces,
843 4716 947 4779 Filius
1216 4737 1293 4779 vero
1310 4736 1396 4798 pane
1412 4715 1521 4780 satiat.

536 4853 589 4906 Les
599 4863 698 4923 quatre
708 4853 861 4921 premieres
872 4856 1002 4924 strophes
1011 4855 1049 4909 du
1060 4865 1134 4910 cette
1144 4855 1232 4910 Prose
1245 4865 1310 4909 sont
1323 4853 1389 4910 bien
1402 4855 1554 4924 rythmees.
1566 4856 1606 4908 La
1615 4854 1731 4924 strophe
1743 4866 1756 4922 5

497 4934 593 4988 n’offre
606 4951 642 4988 au
656 4933 797 4988 contraire
810 4951 902 4989 aucun
922 4936 1040 5005 rythmo.
1070 4937 1116 4991 On
1129 4954 1146 4990 a
1159 4935 1351 4990 evidemment
1364 4937 1469 5006 adaptd
1482 4937 1500 4990 a
1511 4936 1593 4992 Saint
1607 4933 1755 4990 sebastien

499 5031 553 5078 une
566 5013 645 5094 piece
658 5031 695 5068 ou
709 5014 800 5094 partie
812 5015 848 5070 de
861 5015 941 5093 piece
954 5018 1001 5094 qui
1014 5035 1050 5072 ne
1063 5016 1101 5074 lui
1115 5016 1276 5091 appartient
1288 5033 1353 5090 pas.
