4108 5794
494 473 565 544 290

756 471 899 523 PROSAE
927 471 1130 526 ECCLESIAE
1157 473 1439 527 ATREBATENSIS

614 656 691 744 189.
726 652 800 724 DE
831 649 1055 726 SANCTA
1086 653 1270 726 MARIA
1300 653 1632 731 EGYPTIACA.

799 815 812 858 1

535 911 765 972 Recordentur
781 917 910 970 mentes
927 907 1003 990 piae

533 1007 621 1068 vitae
638 1024 766 1068 sursum
785 1025 878 1085 spem
897 1004 1025 1068 Mariae

576 1103 691 1166 datam
709 1102 741 1164 in
759 1099 967 1176 caelestibus,

534 1196 661 1262 Nolens
680 1207 820 1260 mortem
838 1205 1063 1277 peccatorum,

533 1313 631 1376 quam
652 1292 827 1355 mundavit
842 1292 918 1354 Rex
935 1291 1103 1354 caelorum

576 1388 643 1450 suis
659 1408 679 1451 a
696 1387 850 1450 reatibus.

796 1507 814 1552 2

533 1597 778 1679 Derelinquens
794 1597 937 1678 patriam

533 1693 625 1756 venit
641 1693 888 1756 Alexandriam

576 1788 713 1852 libidine
730 1788 858 1872 polluta
874 1809 881 1866 ;

533 1885 599 1950 Sed
620 1885 748 1948 Mariae
764 1885 914 1968 Virginis

531 2003 595 2065 ope
611 1983 829 2064 plenitudinis

574 2089 625 2141 est
640 2079 782 2160 gratiam
800 2085 922 2140 secuta.

532 2282 643 2348 Orans
658 2283 747 2346 enim
765 2301 839 2345 cum
857 2282 987 2345 audiret

531 2379 621 2462 quod
641 2379 819 2441 Iordanem
836 2378 862 2440 si
879 2377 1035 2442 transiret

577 2484 757 2537 mereretur
774 2475 931 2556 requiem,

531 2569 655 2636 Christi
673 2571 816 2634 Matrem
834 2569 992 2634 salutavit

531 2675 564 2730 et
580 2666 764 2730 abscedens
780 2666 932 2729 adoravit

574 2763 677 2844 ipsius
693 2760 847 2844 effigiem.

617 2959 793 3025 Gemendo
818 2961 974 3043 gradiens

618 3077 677 3138 per
693 3058 909 3121 solitudinem

617 3153 755 3236 elongat
771 3153 903 3235 fugiens

617 3270 684 3314 non
701 3252 818 3314 videns
833 3250 1015 3327 hominem,

617 3366 723 3422 avem,
739 3355 797 3409 aut
813 3346 955 3409 bestiam
969 3365 976 3424 ;

618 3441 704 3504 Eam
721 3443 933 3524 prosequitur

616 3537 811 3600 exclamans
828 3538 1002 3619 Zosymas,

617 3641 684 3712 stat
700 3631 782 3694 haec
799 3642 832 3696 et
849 3631 995 3715 loquitur

617 3729 770 3793 fundenti
788 3730 962 3813 lacrymas,

616 3827 768 3908 pandens
785 3826 960 3889 miseriam.

1429 813 1444 879 5

1165 907 1272 972 Audit
1288 928 1393 972 senex
1410 929 1538 974 servam
1557 910 1630 988 Dei,

1165 996 1244 1059 dum
1262 997 1353 1078 quod
1369 997 1438 1078 egit
1454 997 1552 1061 relert
1570 999 1610 1062 Ei

1163 1101 1276 1174 stupet
1292 1091 1348 1154 ille
1364 1094 1500 1156 modum
1519 1095 1573 1171 rei,

1208 1188 1329 1251 devote
1345 1189 1561 1253 considerans
1576 1213 1583 1270 ;

1165 1282 1254 1366 Quia
1269 1282 1345 1366 gelu
1362 1305 1442 1366 prae
1458 1286 1566 1368 rigore

1165 1400 1265 1460 saepe
1281 1379 1425 1443 stridens
1442 1381 1601 1463 nequiore

1164 1477 1352 1540 torrebatur
1366 1497 1386 1539 a
1402 1477 1513 1540 calore

1208 1571 1290 1636 haec
1306 1592 1367 1655 pro
1384 1571 1459 1637 Deo
1475 1573 1628 1638 tolerans.

1425 1717 1446 1778 6

1166 1843 1254 1906 Pede
1270 1843 1358 1906 sicco
1374 1843 1554 1907 transitura

1164 1939 1274 2020 signat
1290 1959 1394 2021 aquas
1411 1949 1444 2002 et
1461 1939 1572 2003 lutura

1207 2034 1379 2115 praevidet
1395 2034 1427 2096 in
1445 2035 1562 2116 spiritu
1580 2056 1587 2113 ;

1164 2128 1303 2194 Sursum
1320 2131 1470 2213 pendens
1486 2129 1634 2194 elevatur

1162 2234 1196 2290 et
1211 2225 1390 2307 splendore
1405 2225 1633 2309 perlustratur,

1206 2321 1334 2385 orando
1349 2341 1425 2384 cum
1442 2322 1578 2404 gemitu.

1424 2468 1443 2533 7

1164 2592 1366 2656 Transeunti
1382 2612 1458 2656 cum
1475 2591 1638 2674 trophaeo

1162 2707 1318 2772 praesens
1334 2687 1429 2752 adest
1445 2689 1563 2771 ingens
1580 2687 1632 2752 leo

1204 2805 1325 2867 parans
1341 2784 1411 2848 eius
1427 2784 1593 2848 tumulum
1610 2806 1617 2864 ;

1161 2877 1261 2962 Quod
1280 2881 1388 2944 Maria
1404 2891 1578 2945 vocaretur

1161 2977 1320 3060 scriptum
1337 2997 1442 3040 senex
1459 2979 1606 3041 intuetur

1205 3095 1286 3138 mox
1304 3075 1336 3137 in
1353 3083 1440 3138 terra
1457 3073 1602 3138 titulum.

1422 3215 1442 3277 8

1162 3343 1279 3406 Preces
1295 3361 1375 3424 ergo
1391 3361 1450 3424 per
1466 3342 1594 3405 Mariae

1159 3440 1264 3503 donet
1280 3437 1441 3515 Christus,
1457 3447 1494 3502 ut
1511 3440 1543 3501 in
1560 3439 1615 3502 die

1203 3536 1301 3599 nubis
1317 3544 1351 3598 et
1366 3535 1518 3618 caliginis

1159 3631 1342 3695 Valeamus
1358 3651 1430 3694 esse
1445 3632 1496 3696 sui

1159 3735 1284 3790 etcum
1303 3727 1355 3792 Eo
1371 3747 1448 3790 vera
1464 3726 1527 3790 srul

1202 3823 1352 3886 claritate
1369 3821 1512 3886 luminis.

682 4039 760 4106 190.
794 4015 869 4088 DE
900 4015 939 4088 S.
965 4012 1233 4089 IOHANNE
1268 4011 1553 4086 BAPTISTA.

511 4211 536 4257 1.
561 4190 707 4258 Exsulta
723 4196 861 4274 caelum,
879 4196 1002 4260 laetare
1018 4205 1114 4273 terra,
1132 4193 1323 4277 Christique
1339 4204 1459 4272 turma,

507 4338 534 4387 2.
560 4323 786 4388 Praecursoris
802 4325 892 4389 alma
908 4325 1144 4389 sollemnizans
1160 4323 1243 4388 haec
1259 4322 1353 4401 festa,

507 4435 534 4498 3.
558 4419 652 4483 Voce
669 4419 793 4485 Christi
810 4432 925 4486 sancta
943 4423 1065 4504 estqui
1084 4421 1199 4485 mundi
1217 4421 1361 4499 lucerna,

504 4565 533 4628 4
559 4548 661 4612 Cuius
679 4552 836 4615 nativitas
853 4562 904 4615 est
920 4563 993 4616 orta
1009 4552 1184 4636 perspicua
1201 4552 1255 4615 die
1272 4553 1345 4630 ista,

507 4657 533 4723 5.
558 4645 686 4728 Ampla
703 4649 819 4710 mundi
836 4669 939 4729 regna
956 4649 1028 4711 luce
1046 4669 1169 4732 magna
1185 4650 1319 4712 radians
1336 4647 1497 4712 universa.

505 4775 533 4835 6.
558 4774 743 4841 Armonica
760 4777 905 4842 melodia
917 4799 1090 4863 concrepa,
1103 4781 1310 4864 palinodiam
1323 4790 1422 4844 canta
1435 4799 1516 4844 voce
1530 4778 1741 4857 laetabunda,

504 4883 533 4949 7.
559 4871 603 4935 Et
620 4873 723 4938 iubila
738 4874 903 4938 clarisona
919 4875 1090 4959 proclama
1106 4877 1249 4961 qualiter
1264 4877 1327 4941 hac
1344 4877 1376 4941 in
1401 4877 1455 4940 die
1471 4877 1514 4941 sit
1539 4885 1636 4940 natus
1654 4875 1739 4960 Bap-

615 4969 701 5032 tista.
