4102 5792
453 543 594 594 crosna
622 542 826 594 scenasma
853 548 881 596 s.
903 545 1084 600 conuuru
1112 549 1422 616 conrauornusrs
1493 541 1564 629 465

345 727 554 778 Manusorlts.
577 721 693 774 Partis:
718 720 790 775 Bibl.
806 723 883 792 Nat,
909 726 1002 795 17318,
1017 727 1119 782 Missel
1136 729 1173 783 de
1187 729 1434 802 saint-Comeille,
1444 733 1566 788 111ἱίθεί8.-

309 805 361 874 cle,
370 804 398 856 P
408 823 419 866 ,·
440 802 502 871 906,
517 800 641 856 Graduel
655 799 691 854 de
703 801 836 871 Jacques,
849 803 951 859 batard
964 806 1001 860 de
1018 807 1177 878 verdone,
1191 810 1309 864 xvr-xvie
1318 809 1413 882 siecle,
1426 813 1460 868 Z.

346 953 393 1002 rb
424 963 505 1005 sacra
518 947 688 1000 Ambianen.

343 1041 357 1081 2
371 1033 419 1082 de
450 1027 502 1080 Est
517 1037 634 1081 vocatus
644 1037 671 1081 et
684 1029 820 1096 probatus
833 1029 867 1084 Z.
884 1031 1050 1088 Ambianen.

342 1121 388 1174 30
419 1123 520 1176 perpes
532 1106 566 1160 Z.
598 1111 612 1159 t
644 1107 666 1159 F
669 1107 749 1160 aut-il
763 1109 888 1178 corriget
890 1110 1052 1179 fulmina?

344 1199 356 1253 5
370 1203 387 1239 o
418 1202 452 1240 ac
462 1185 606 1256 profundit
616 1186 784 1242 Ambr'nnen.

343 1278 391 1330 7a
424 1265 511 1320 Matri
524 1265 558 1318 Z.
573 1265 741 1320 Ambiamn.

342 1359 393 1411 90
424 1355 452 1400 et
465 1345 577 1399 occulta
590 1345 759 1400 Ambianen.

328 1439 359 1491 13
377 1441 397 1478 a
427 1425 588 1478 conlectum
600 1425 634 1478 P.
645 1425 857 1480 contraireala
870 1428 947 1484 rime.
980 1449 997 1484 e
1029 1432 1220 1503 suspirantem
1235 1433 1268 1488 P.

331 1503 360 1557 16
373 1521 393 1557 a
423 1503 512 1557 Azimi
527 1515 571 1558 sta
584 1503 617 1572 (!)
630 1505 664 1558 Z.
697 1505 722 1559 O
736 1506 855 1574 symista
869 1508 902 1576 (l)
918 1509 1087 1566 Ambianen.

537 1822 618 1890 331.
652 1797 726 1870 DE
757 1798 981 1874 SANCTO
1009 1801 1343 1879 VINCENTIO.

336 2066 358 2111 1.
381 2049 466 2126 Ave,
482 2049 578 2113 stella
594 2050 749 2132 gloriosa,

333 2196 360 2243 2.
383 2177 526 2243 Gemma
543 2189 726 2264 martyrum
744 2183 901 2263 pretiosa,

333 2292 360 2355 3.
384 2276 543 2340 Vincenti
561 2287 696 2360 martyr,
713 2297 789 2360 spes
806 2279 927 2356 unica;

331 2423 360 2483 4.
383 2407 494 2471 Adest
510 2407 564 2470 hic
580 2427 668 2471 nunc
685 2408 744 2472 tibi
761 2408 856 2491 plebs
872 2408 1005 2484 devota,

335 2515 359 2580 5.
386 2501 517 2566 Adesto
532 2499 676 2581 ramulis,
692 2512 726 2568 et
740 2504 872 2567 cantica

331 2627 360 2693 6.
385 2628 452 2692 Fac
470 2629 545 2693 Deo
560 2631 664 2711 digna
681 2639 794 2694 nostra
810 2652 817 2709 ;
840 2629 958 2694 iubilat
973 2638 1106 2695 caterva
1123 2629 1282 2713 palliata;

333 2741 360 2806 7.
385 2726 510 2791 Dulces
526 2726 668 2792 alternat
685 2737 813 2805 cantus,
829 2747 951 2792 sonora
968 2728 1141 2811 coniungit
1157 2738 1190 2792 et
1206 2749 1332 2811 organa
1348 2752 1354 2792 :

332 2857 360 2920 8.
381 2855 443 2921 “O
460 2857 520 2934 Te,
536 2876 651 2940 regum
670 2857 747 2920 Rex
763 2857 861 2935 bone,
877 2877 938 2921 nos
955 2877 1021 2922 una
1048 2857 1277 2922 benedicimus
1297 2877 1438 2942 semper,
1456 2859 1567 2922 Trini-

439 2961 491 3017 tas
508 2953 607 3030 alma,
624 2962 737 3018 mente
752 2953 883 3017 devota.

329 3066 358 3129 9.
382 3048 494 3131 Quam
510 3049 681 3133 praeclara
697 3059 730 3115 et
746 3049 885 3132 pulchra
902 3049 1060 3132 praemia,
1076 3059 1268 3114 sanctorum
1286 3051 1349 3128 via,
1364 3051 1433 3115 vita
1450 3059 1483 3116 et
1499 3053 1569 3116 dia·

437 3147 546 3226 dema,
563 3147 641 3210 Lux
657 3146 882 3228 sempiterna!
900 3145 915 3172 '¹

313 3297 357 3346 10.
382 3279 515 3345 Caelica
531 3301 570 3344 ac
586 3289 717 3344 terrena
733 3279 883 3363 plaudite
900 3278 1114 3363 symphonia,
1130 3279 1271 3362 plaudat
1287 3287 1459 3344 etcanora

313 3393 357 3442 11.
384 3377 569 3459 Hymnizet
584 3385 740 3443 nectarea
755 3377 963 3440 diatessaron
982 3396 1043 3440 sua
1058 3377 1218 3458 diapente
1234 3377 1354 3453 vincta,

313 3525 357 3572 12.
382 3507 556 3589 Diapason
572 3527 649 3573 vera
665 3527 708 3571 ex
726 3507 777 3569 his
793 3506 882 3570 lacta
898 3526 998 3589 surge
1015 3505 1146 3570 tinnula

313 3619 357 3682 13.
383 3602 500 3668 Dulcis
517 3601 661 3667 melodia
678 3611 713 3666 et
728 3601 840 3665 suavis
857 3604 919 3665 ede
936 3601 1095 3666 carmina.

314 3727 357 3788 14.
383 3709 482 3772 Nunc
493 3715 535 3784 te,
546 3706 715 3782 Vincenti,
727 3705 850 3772 dilecta
861 3714 1015 3788 precatur
1028 3715 1148 3783 turma,
1159 3725 1221 3788 pro
1232 3706 1329 3770 nobis
1345 3723 1476 3785 semper
1486 3722 1544 3766 ora
1559 3725 1567 3782 ;

315 3818 360 3885 15.
385 3805 424 3868 ln
441 3801 594 3886 angelica
610 3801 701 3865 curia
718 3809 833 3865 nostra
848 3820 951 3883 opera
967 3821 1093 3864 excusa
1109 3800 1249 3883 fragilia.

314 3945 363 4008 16.
388 3943 468 4008 Post
484 3951 518 4007 te
534 3962 595 4006 nos
610 3941 705 4006 trahe
796 3951 855 4006 tua
872 3963 973 4006 manu
990 3943 1090 4006 beata
1114 3943 1157 4006 ad
1183 3941 1309 4006 aeterni
1334 3940 1438 4023 Regis
1454 3939 1566 4032 aulam

441 4037 533 4103 illam
549 4057 727 4120 supernam
742 4060 750 4116 ;

317 4149 363 4215 17.
388 4132 650 4312 Iniieiilriegiiig
666 4133 744 4212 lilia,
759 4131 855 4198 rubet
880 4142 913 4198 et
935 4153 1019 4212 rosa,
1044 4132 1261 4216 redolentque
1289 4132 1373 4196 mira
1397 4132 1570 4196 balsama:

651 4277 658 4305 l

318 4363 361 4425 18.
387 4359 481 4424 Iesus
498 4380 566 4443 quo
583 4360 652 4426 Sua
668 4360 794 4443 gaudet
810 4379 885 4422 curn
904 4359 1046 4441 Sponsa,
1064 4358 1145 4422 Eius
1162 4357 1234 4422 sola
1249 4377 1381 4422 summa
1397 4357 1525 4440 gratia3

316 4472 360 4535 19.
388 4455 441 4520 llli
456 4455 573 4539 gloria,
592 4455 664 4518 laus
681 4454 839 4520 melliflua
855 4454 1063 4518 saeculorum
1080 4454 1123 4518 sit
1140 4453 1171 4517 in
1190 4453 1331 4520 saecula.

313 4605 362 4656 20.
384 4588 497 4654 Amen
515 4587 700 4652 clamemus
715 4607 798 4652 voce
815 4607 947 4670 magna.

313 4700 361 4750 21.
385 4685 461 4750 Ave
476 4683 631 4750 caelestis
646 4684 835 4768 margarita.

350 4875 559 4925 Manusorlts.
587 4869 703 4923 Pius:
735 4865 808 4922 Bibl.
831 4866 908 4934 Nat,
936 4875 1029 4935 10511,
1059 4863 1194 4934 Graduel,
1216 4862 1366 4933 xii‘siecle,
1389 4864 1423 4917 K
1424 4881 1441 4931 ,·
1478 4862 1571 4933 16823,

317 4951 415 5006 Missel
438 4949 474 5007 de
492 4947 734 5016 Salat-Cornellle,
748 4945 808 5001 riiie
816 4945 909 5014 siecle,
925 4946 968 5011 0,·
1001 4945 1094 5014 17318,
1110 4943 1200 5012 Idem,
1220 4943 1265 5010 P‚·
1297 4959 1391 5015 17319,
1415 4945 1504 5014 idern,
1529 4947 1574 5016 Q,-

319 5044 411 5102 17321,
422 5031 513 5100 idem,
524 5031 573 5097 R,·
598 5029 698 5097 16818,
710 5027 835 5084 Graduel
849 5026 885 5080 de
899 5025 1143 5093 Saint-Comeille,
1157 5024 1213 5077 xiv*
1222 5025 1315 5096 siecle,
1332 5027 1360 5080 Τ
1372 5047 1387 5052 -

377 5179 392 5212 ¹³
1150 5143 1152 5148 ’
1394 5185 1400 5194 ·
1486 5179 1515 5224 30
