4096 5794
637 524 780 578 PROSAE
807 527 1008 582 ECCLESIAE
1034 531 1363 588 CONSTANTIENSIS
1565 539 1631 614 55¹

684 716 699 784 5

420 841 502 908 Ovis
518 843 619 908 ducta
640 846 682 908 ad
700 845 876 910 macellum

419 949 568 1004 nostrum
586 941 618 1004 in
635 962 671 1005 se
687 943 763 1008 tulit
779 944 914 1022 bellum,

461 1057 557 1100 ovem
575 1057 737 1120 quaerens
753 1040 918 1122 perditam
933 1062 940 1118 ;

417 1131 522 1216 Gigas
538 1143 651 1200 noster
665 1135 797 1202 hostem
815 1138 932 1202 stravit

416 1227 630 1316 humerisque
647 1233 830 1316 reportavit

459 1345 555 1394 ovem
574 1325 646 1394 Sibi
664 1328 838 1392 redditam.

676 1441 698 1504 6

417 1547 487 1631 Qui
500 1549 562 1614 sub
579 1560 685 1616 morte
702 1552 902 1621 tenebantur

414 1643 496 1710 Vita
512 1647 596 1710 duce
613 1647 803 1726 liberantur,

457 1744 546 1808 nuda
561 1755 702 1829 gemunt
719 1755 845 1811 tartara
859 1768 868 1827 ;

414 1842 531 1908 Homo
545 1847 657 1927 gaude
672 1846 719 1911 sic
738 1847 904 1925 reductus,

411 1939 602 2005 consoletur
618 1950 695 2006 tuos
712 1941 821 2006 luctus

452 2034 540 2100 dulci
557 2057 641 2101 sono
657 2038 808 2120 cythara.

675 2177 695 2241 7

412 2268 554 2334 Samson
571 2270 626 2335 ille
642 2271 757 2336 Gazan
777 2283 896 2350 vastat,

410 2368 492 2430 etin
509 2379 624 2433 monte
639 2379 731 2434 tutus
749 2379 847 2446 astat,

456 2463 577 2528 Secum
594 2465 702 2530 serens
718 2465 845 2548 spolia:

411 2560 531 2644 Agnus
548 2575 660 2629 noster
676 2575 789 2648 portas
806 2563 904 2647 fregit

411 2658 596 2739 infernales,
611 2673 644 2727 et
661 2663 794 2746 subegit

453 2777 557 2841 regna
572 2761 688 2826 mortis
704 2761 812 2825 sortia.

674 2884 693 2946 8

413 2993 569 3058 Israelem
586 2995 619 3059 in
638 2995 785 3079 Egypto,

412 3087 585 3153 Pharaone
601 3089 861 3171 circumscripte,

454 3205 589 3269 serpens
606 3187 713 3252 salvat
729 3206 852 3250 aeneus
866 3207 874 3266 ;

414 3279 580 3363 Sponsam
597 3301 691 3346 suam
709 3282 753 3347 ab
768 3281 897 3346 inferno

413 3397 516 3460 regno
532 3377 645 3442 locans
661 3379 693 3442 in
711 3398 856 3462 superno

455 3483 567 3540 noster
583 3475 688 3540 traxit
705 3473 869 3557 Orpheus.

1309 733 1332 798 9

1141 854 1211 931 Eia,
1230 855 1402 922 Paschalia

1138 951 1324 1017 recolamus
1338 957 1462 1036 gaudia
1477 978 1485 1036 ;

1138 1045 1253 1110 Nimia
1268 1048 1396 1120 laetitia

1137 1155 1315 1228 concrepet
1333 1146 1502 1212 Ecclesia!

1302 1313 1340 1360 10

1050 1431 1082 1494 N
1086 1451 1150 1496 unc
1166 1430 1332 1496 inmensa
1348 1433 1437 1498 vitae
1452 1433 1546 1498 ducis

1049 1519 1266 1584 comedamus
1282 1541 1358 1584 cum
1375 1520 1513 1584 lactucis

1091 1635 1208 1679 carnes
1224 1616 1317 1700 Agni
1335 1619 1515 1701 mysticas;

1048 1711 1244 1776 Toleremus
1260 1723 1294 1777 et
1309 1735 1432 1790 amara,

1046 1811 1231 1891 possessuri
1249 1809 1321 1872 luce
1337 1810 1426 1874 clara

1092 1906 1281 1968 mansiones
1297 1905 1445 1984 caelicas.

1298 2072 1330 2117 11

1047 2203 1142 2270 Ilaec
1158 2211 1221 2278 est,
1234 2202 1381 2284 inquam,
1397 2201 1484 2266 laeta
1504 2203 1585 2279 dies,

1043 2299 1230 2362 animarum
1248 2307 1344 2380 grata
1360 2298 1464 2380 quies,

1087 2404 1120 2458 et
1136 2413 1237 2477 quam
1256 2392 1332 2458 iecit
1350 2393 1517 2457 Dominus
1534 2414 1541 2472 ;

1046 2490 1266 2554 Exsultemus
1283 2490 1520 2572 promissorum

1044 2585 1267 2668 quantitatem
1285 2585 1508 2667 praemiorum

1088 2682 1252 2764 recepturi
1270 2681 1431 2745 cominus.

1300 2844 1336 2890 12

1042 2983 1094 3049 Sit
1110 2981 1182 3046 laus
1199 2981 1333 3046 Christo
1351 2985 1546 3065 resurgenti,

1043 3079 1118 3142 Deo
1135 3077 1213 3142 uero
1229 3087 1262 3140 et
1277 3077 1412 3155 viventi,

1086 3195 1145 3256 per
1161 3182 1296 3236 aeterna
1313 3174 1467 3253 saecula;

1044 3271 1096 3336 Ea
1112 3280 1258 3354 propter,
1275 3279 1387 3333 mente
1404 3272 1469 3354 pia,

1043 3371 1262 3434 decantemus
1278 3367 1426 3432 Alleluia

1088 3471 1198 3536 cordis
1214 3491 1295 3536 voce
1311 3471 1436 3537 sedula.

404 3719 597 3774 Manuscrlt.
614 3719 729 3773 Palus:
744 3719 818 3774 Bibl.
830 3721 907 3786 Nat,
922 3733 998 3787 1139,
1008 3717 1146 3788 Tropaire
1156 3717 1193 3771 de
1204 3715 1621 3787 SaintssMartial,xii⁸siecle,P

404 3905 455 3968 31)
484 3900 714 3956 avitaBaa'ocen.
730 3901 918 3956 Corurantren.
932 3901 1047 3972 Sagien.
1076 3905 1090 3953 l
1119 3908 1245 3970 opponat
1258 3899 1387 3955 Baiocen.

404 3993 453 4044 aa
486 3980 596 4035 Pascha
609 3997 715 4036 novum
728 3981 762 4036 P.

405 4065 455 4120 oa
484 4067 634 4122 tenebatur
648 4067 964 4136 Constantr'en.Sagiera
998 4070 1021 4119 b
1051 4065 1185 4120 liberatur
1199 4064 1389 4120 Constantiam
1405 4068 1520 4136 Sagien.
1553 4073 1573 4122 d
1605 4069 1628 4124 si

373 4146 404 4202 P.
435 4163 452 4201 e
479 4156 544 4202 tuus
556 4148 648 4202 luctus
660 4147 695 4203 P.

405 4241 422 4294 9
435 4232 455 4281 d
486 4237 615 4282 coruscet
628 4227 758 4282 Baiocen.
773 4225 964 4282 Comranrien.
975 4224 1090 4296 Sagien.

392 4319 455 4360 toa
486 4307 572 4360 Hunc
584 4306 619 4361 P.
650 4305 790 4361 immensa
804 4307 918 4376 Sagien.
950 4311 971 4361 d
1003 4318 1033 4363 ut
1045 4325 1144 4364 amara
1159 4309 1286 4363 Bainun,

391 4398 418 4438 11
435 4401 455 4439 a
485 4383 614 4456 inquam
629 4385 900 4457 Comtantien.1557.

390 4469 455 4518 rab
486 4465 551 4520 Deo
563 4481 630 4520 vero
644 4466 676 4520 P.
709 4471 724 4520 1
754 4466 828 4521 dulci
843 4483 913 4521 voce
929 4466 1119 4521 Comtantrtrr.
1132 4467 1246 4538 Sagr'en.
