4102 5792
486 541 557 611 442
797 539 938 592 PROSAE
967 543 1168 598 ECCLESIAE
1197 546 1437 600 REDONENSIS

1098 739 1135 786 12

848 844 930 908 Dux
946 853 1114 911 tormenta
1129 849 1211 912 dum
1228 848 1349 932 infligit

846 940 927 1004 dum
943 951 1122 1024 grassatur,
1137 944 1218 1009 dum
1235 943 1355 1028 affligit

890 1045 980 1100 sorte
995 1037 1061 1102 ruit
1078 1039 1207 1118 misera,

848 1130 981 1197 Cultrix
998 1153 1078 1216 ergo
1095 1135 1229 1218 pietatis

848 1245 909 1288 nos
924 1228 966 1291 ad
984 1248 1136 1294 summae
1152 1231 1301 1296 veritatis

891 1323 1033 1388 transfer
1048 1324 1126 1389 hinc
1143 1327 1275 1408 palatin

518 1497 565 1554 60
595 1499 752 1571 petulentia
765 1500 903 1555 Redonen.

517 1592 535 1646 9
548 1595 568 1634 a
600 1579 663 1634 Stat
677 1577 756 1648 virgo
767 1579 915 1650 Redonen„
928 1597 992 1635 vers
1005 1579 1077 1636 saux.

552 1916 634 1986 309.
668 1892 725 1966 IN
758 1893 1207 1969 TRANSLATIONE
1236 1897 1276 1972 S.
1303 1896 1631 1971 MODERANN
1643 1896 1668 1969 1.

790 2163 801 2210 ¹
1417 2167 1434 2229 3

527 2284 659 2347 Praesui
677 2303 789 2347 comes
805 2285 1013 2362 sublimatur,
1156 2287 1232 2350 Hoc
1249 2287 1402 2369 probavit
1419 2289 1612 2370 peregrinus

525 2378 621 2442 laetis
637 2379 746 2442 choris
762 2381 907 2443 sociatur
1154 2382 1211 2464 qui
1227 2402 1247 2445 a
1264 2401 1341 2464 rege
1358 2381 1419 2445 suit
1435 2382 1555 2445 missus

568 2473 797 2537 Moderannus
813 2473 922 2552 hodie,
1198 2477 1281 2540 scire
1297 2479 1339 2540 de
1355 2477 1524 2554 miraculo,

525 2569 629 2635 Ortus
645 2571 739 2634 cuius
754 2580 967 2634 consecratur
1154 2570 1241 2636 Cum
1258 2572 1321 2635 hoc
1337 2581 1432 2654 pater
1448 2572 1520 2635 vult
1536 2573 1686 2648 scrutari,

524 2665 660 2748 quando
675 2665 738 2728 sibi
755 2665 948 2747 propalatur
1155 2667 1306 2749 insigniis
1322 2676 1355 2730 et
1372 2669 1475 2731 videri

568 2763 731 2825 absconsa
747 2763 790 2826 ab
805 2762 949 2826 homine.
1198 2762 1264 2828 alte
1281 2783 1346 2826 non
1364 2763 1446 2827 iatet
1462 2763 1609 2845 parvulo.

785 2917 804 2963 2
1413 2921 1436 2981 4

526 3040 657 3104 Patrem
675 3041 765 3105 videt
782 3041 868 3106 ultra
885 3063 974 3107 mare
1157 3045 1240 3108 Puer
1257 3043 1322 3107 Dei
1339 3043 1588 3121 Moderannus;

524 3137 706 3218 quamdam
723 3147 959 3220 sponsaturum
977 3159 1083 3218 mane,
1154 3139 1271 3203 crescit
1286 3159 1399 3203 secum
1417 3138 1481 3202 Dei
1501 3157 1619 3202 manus

569 3231 677 3312 ipsum
694 3232 737 3296 de
753 3233 816 3296 hoc
832 3234 962 3316 arguit;
1198 3243 1309 3298 aetate
1326 3243 1360 3298 et
1376 3234 1523 3297 moribus
1540 3255 1546 3310 ;

527 3327 612 3389 Puer
627 3337 719 3391 stans
735 3329 767 3391 in
785 3329 959 3394 occidente
1158 3329 1214 3396 Sic
1230 3331 1369 3394 antistes
1385 3330 1566 3405 ordinatur,

527 3423 585 3486 sed
602 3431 697 3504 pater
713 3424 745 3486 in
763 3424 908 3489 oriente:
1156 3427 1306 3490 Redonis
1321 3446 1341 3488 a
1359 3427 1433 3489 Deo
1448 3427 1548 3489 datur

571 3517 634 3581 hoc
651 3517 743 3582 nefas
760 3519 937 3602 prohibuit.
1199 3542 1275 3586 cum
1292 3521 1547 3605 pontificalibus,

1104 3643 1119 3710 5

842 3764 908 3848 Qui
924 3767 1046 3831 dedisti
1064 3767 1161 3831 nobis
1177 3777 1308 3831 sontem

839 3871 874 3925 te
889 3881 1022 3944 quoque
1038 3871 1189 3926 nostrum
1208 3872 1409 3941 consortem,

839 3957 886 4020 sic
903 3959 1080 4039 pervitam
1098 3957 1160 4041 [et]
1177 3978 1235 4041 per
1251 3969 1394 4023 mortem

839 4064 997 4117 cunctum
1015 4054 1127 4136 procul
1146 4054 1233 4136 pelle
1250 4055 1380 4120 hostem

883 4172 902 4215 a
919 4162 1035 4216 nostro
1050 4151 1196 4216 confinio
1213 4175 1220 4230 ;

839 4249 892 4311 Tu
909 4247 1050 4329 praesui,
1065 4247 1170 4312 abbas
1186 4257 1220 4312 et
1235 4269 1357 4326 comes

840 4343 896 4426 qui
913 4344 945 4406 in
964 4343 1039 4407 Deo
1055 4353 1176 4407 cuncta
1191 4353 1298 4426 potes,

842 4439 1060 4517 Moderanne,
1074 4439 1165 4503 dona
1180 4459 1290 4503 mores

842 4535 948 4600 bonos
964 4544 998 4599 et
1014 4555 1174 4598 conserva
1190 4555 1307 4599 omnes

886 4632 918 4695 in
936 4632 1001 4695 Dei
1021 4631 1164 4696 servitio

524 4813 569 4959 ἐξ
598 4807 764 4961 {mae
777 4887 914 4942 Redonen.
946 4894 967 4944 d
995 4888 1061 4959 pelli
1073 4889 1294 4959 Redonen.1492.
1325 4889 1403 4962 pellit
1417 4890 1639 4959 Redonennsoo.
