4116 5784
488 517 560 606 356
790 528 931 581 PROSAE
957 524 1160 576 ECCLESIAE
1187 521 1448 573 lllASSlLlENSlS

486 731 535 777 22.
560 713 613 776 De
627 711 731 774 Beata
742 709 850 772 Maria
862 706 1011 788 Virgine,
1025 703 1148 766 Prosa:
1178 699 1317 765 Verbum
1328 699 1444 763 bonum
1453 709 1599 764 etsuave.
1624 698 1742 762 K.268.

486 827 535 890 23.
559 809 638 872 Alia
656 809 777 872 Prosa:
809 804 998 870 Hodierrrae
1012 800 1072 864 lux
1085 797 1154 861 diei
1167 797 1296 860 celebris
1312 797 1355 863 in.
1392 797 1513 864 K.202.

730 1046 811 1135 248.
844 1042 920 1115 DE
954 1042 1180 1118 sancto
1216 1025 1448 1117 tazano

795 1267 805 1313 1

573 1359 732 1422 Laetetur
750 1354 900 1419 Ecclesia
1203 1266 1570 1435 Celebrantur4gaudia‚

616 1453 767 1517 caelestis
785 1451 892 1526 beata,
1247 1452 1394 1515 Lazarus
1410 1449 1551 1525 videtur,

575 1551 720 1614 Matrem
737 1548 851 1610 laudet
867 1545 943 1622 fitia,

618 1644 789 1708 celebrans
805 1651 922 1724 optata

578 1741 695 1805 Lazari
711 1739 885 1802 sollemnia
899 1759 907 1816 ;

580 1835 737 1900 Exsultet
754 1834 926 1910 Bethania,

619 1934 740 1996 domus
756 1930 920 1992 honorata

577 2051 620 2094 ex
639 2027 762 2092 Christi
778 2025 976 2108 praesentia,

1207 1549 1288 1613 dum
1306 1567 1396 1610 mors
1411 1547 1444 1608 in
1461 1543 1598 1608 victoria

1247 1644 1362 1708 vivens
1377 1640 1574 1706 absorbetur

1204 1749 1237 1803 et
1255 1739 1371 1802 mortis
1386 1737 1550 1820 angustia.

1207 1836 1336 1901 Sedens
1352 1835 1394 1898 ad
1411 1833 1564 1898 convivia

1252 1931 1398 1994 Lazarus
1415 1929 1537 1994 satetur

1206 2027 1295 2110 quod
1314 2026 1377 2089 Dei
1394 2025 1572 2089 clementia

622 2125 676 2207 pie
691 2122 834 2198 visitata,
1252 2122 1391 2186 mortuis
1408 2122 1568 2196 medetur,

579 2219 741 2284 charitate
756 2217 855 2280 socia.
1209 2218 1351 2282 reddens
1366 2219 1454 2282 vitae
1471 2215 1626 2300 praemia

798 2339 816 2384 2
1430 2335 1445 2401 5

582 2419 692 2503 Quam
710 2418 791 2481 felix
808 2418 986 2480 concordia
1211 2419 1299 2482 Fusa
1315 2417 1408 2482 caelo
1425 2417 1542 2500 gratia,

626 2515 735 2580 fratris
751 2523 784 2577 et
800 2533 960 2590 sororum,
1255 2514 1355 2578 irater
1370 2525 1403 2578 et
1420 2533 1549 2578 sorores

582 2613 637 2676 ubi
655 2608 873 2674 contubernia
1212 2608 1295 2673 fiunt
1312 2611 1344 2672 in
1363 2610 1536 2674 Provincia

626 2707 705 2770 iacit
723 2707 800 2768 Rex
816 2703 983 2768 caelorum
1255 2703 1331 2768 fidei
1347 2707 1511 2784 doctores,

582 2813 616 2866 et
631 2811 821 2865 sanctorum
839 2799 950 2863 millia.
1213 2801 1244 2862 in
1263 2820 1387 2883 magna
1402 2803 1600 2866 constantia.

582 2898 709 2961 Mariae
726 2895 902 2978 flagrantia
1213 2897 1346 2959 Praesul
1364 2897 1396 2960 in
1415 2897 1565 2960 Massilia

625 2993 706 3057 odor
724 2999 981 3074 unguentorum,
1255 2993 1355 3056 t'rater
1370 2993 1469 3057 docet
1485 3013 1603 3071 mores,

582 3089 737 3152 Marthae
752 3087 927 3170 diligentia
1212 3088 1245 3151 in
1263 3089 1489 3152 misericordia

625 3205 724 3268 sapor
739 3193 790 3247 est
805 3177 953 3246 ciborum
1257 3183 1356 3248 solvit
1371 3195 1571 3266 peccatores,

582 3282 669 3346 circa
686 3280 875 3343 ministeria.
1214 3278 1291 3343 lacit
1308 3279 1481 3346 mirabilia.

584 3489 734 3573 Quarum
751 3487 898 3552 amicitia
1215 3489 1270 3553 Ad
1287 3490 1369 3553 caeli
1387 3491 1513 3572 palatia

628 3585 720 3647 Deus
736 3583 949 3666 lacrymatur,
1255 3585 1356 3668 digne
1373 3587 1551 3664 exaltatur,

583 3681 626 3745 de
643 3680 758 3744 mortis
776 3679 907 3742 miseria
1214 3689 1247 3744 et
1263 3681 1377 3744 vivens
1394 3683 1426 3744 in
1443 3682 1550 3765 gloria

628 3775 727 3839 irater
743 3776 931 3852 suscitatur,
1258 3797 1334 3840 cum
1352 3777 1486 3842 Christo
1503 3778 1654 3858 laetatur,

584 3870 717 3936 caelesti
734 3871 894 3951 potentia.
1216 3871 1328 3936 fruens
1344 3873 1423 3937 boni
1439 3875 1544 3956 copia

585 3967 700 4030 Vitam
718 3975 794 4047 post
811 3964 964 4029 mortalia
1218 3968 1313 4031 Haec
1330 3977 1388 4032 tua
1404 3969 1531 4034 familia

628 4062 723 4144 plebs
739 4071 859 4124 cuncta
876 4061 1022 4138 miratur,
1088 4084 1090 4088 ¹
1251 4072 1294 4139 te,
1310 4063 1443 4142 Sancte,
1458 4076 1611 4148 precatur

479 4193 481 4199 ,
584 4159 626 4222 ad
644 4167 739 4221 tanta
755 4157 907 4239 prodigia
1215 4167 1251 4222 ut
1267 4159 1371 4222 virtus
1387 4161 1531 4242 propitia

629 4252 710 4316 fides
728 4253 937 4335 praedicatur
1259 4264 1316 4318 tua
1333 4275 1395 4320 nos
1410 4268 1569 4340 sequatur

584 4359 618 4412 et
635 4349 699 4411 Dei
716 4348 892 4430 magnalia.
1213 4350 1323 4433 sitque
1338 4371 1469 4435 semper
1484 4356 1627 4436 praevia.

535 4514 616 4566 Cette
631 4511 718 4565 Prose
731 4529 748 4566 a
761 4511 807 4566 ete
817 4511 910 4566 editae
924 4529 974 4582 par
989 4513 1027 4565 M.
1044 4513 1241 4584 PuLchttET,
1252 4515 1340 4570 Notas
1351 4534 1403 4570 sur
1420 4517 1459 4572 les
1478 4519 1566 4573 lr'vres
1583 4521 1756 4592 liturgiques

498 4593 544 4646 des
556 4589 673 4645 dioclses
684 4591 740 4644 M
745 4597 827 4660 utun,
842 4592 951 4645 Chalon
960 4599 987 4646 et
999 4591 1112 4662 Maron,
1127 4594 1325 4664 Paris-Autun,
1338 4597 1413 4666 1883,
1427 4614 1452 4667 p.
1462 4598 1522 4664 267.

534 4751 549 4789 2
564 4741 577 4788 t
611 4735 703 4790 Maria
717 4737 876 4792 Masst'lien.
890 4736 1102 4808 Panaciam
1116 4739 1213 4795 n’offre
1226 4758 1278 4811 pas
1292 4741 1328 4796 de
1341 4759 1416 4798 sens.
1449 4743 1567 4799 Μανία(
1579 4745 1717 4818 s'lmpose.

534 4831 549 4882 3
565 4819 585 4868 b
615 4815 807 4884 lacrymantur
818 4817 979 4872 Massiliota
997 4818 1204 4890 Paacacaar,
1227 4821 1303 4878 faute
1317 4821 1458 4878 evidente.

534 4897 586 4949 6b
616 4892 940 4966 dignuspfflacnan
962 4899 1119 4954 correction
1140 4899 1246 4956 inutile.
1280 4907 1323 4956 ht
1356 4913 1384 4957 ut
1406 4902 1494 4958 virtus
1513 4903 1636 4976 propitia
1649 4907 1702 4962 no's
1714 4924 1759 4964 se·

501 4987 600 5046 quatur
613 4973 823 5045 Phaeacum,
838 4986 931 5046 rompt
945 4977 970 5031 le
983 4978 1103 5046 rythme.
