4102 5792
611 513 754 567 PROSAE
781 515 983 567 ECCLESIAE
1010 516 1251 568 REDONENSIS
1494 527 1517 594 4
1522 525 1563 597 51

440 773 523 866 318.
557 769 615 843 IN
648 769 1058 846 ORDINATIONE
1089 773 1128 847 S.
1151 773 1442 851 GREGORll.

620 1051 631 1096 1

356 1185 470 1250 Sancti
487 1206 594 1268 papae
611 1185 775 1268 Gregorii,

355 1282 409 1364 pii,
425 1283 548 1364 pudici,
564 1281 664 1345 sobrii

355 1397 550 1441 veneremur
565 1377 750 1455 sollemnia,

357 1474 459 1539 Cuius
475 1475 635 1538 doctrinis
652 1485 685 1538 et
701 1477 779 1553 vita,

357 1572 517 1648 instituta,
534 1571 674 1649 erudita,

355 1667 516 1750 gloriatur
533 1668 693 1733 Ecclesia.

618 1839 636 1885 2

359 1978 424 2040 Hic
440 1997 561 2060 genere
577 1977 768 2058 spectabilis

357 2075 388 2135 in
407 2075 498 2136 omni
516 2072 577 2136 fuit
592 2072 710 2136 docilis

357 2169 540 2232 litterarum
557 2170 684 2251 peritia,

358 2265 422 2348 Qui
440 2267 536 2328 iuxta
552 2265 602 2328 sui
623 2265 766 2328 nominis

356 2382 454 2425 omen
467 2361 704 2424 'sollicitudinis

356 2456 506 2539 vigilavit
523 2456 689 2520 instantia.

620 2631 637 2694 3

361 2767 425 2830 Hic
442 2767 600 2848 exposuit
616 2767 773 2830 obscuras

360 2863 543 2926 Ezechielis
560 2864 738 2945 scripturas

358 2963 506 3025 dictante
523 2962 587 3024 Dei
604 2962 712 3043 gratia
726 2983 733 3039 3

359 3059 404 3121 Et
420 3079 519 3139 super
535 3055 720 3140 Evangelia

358 3155 579 3237 quadraginta
595 3154 727 3236 eulogia

358 3253 443 3330 lecit,
458 3263 491 3315 et
510 3252 571 3314 lob
588 3251 735 3316 moralia.

616 3424 638 3484 4

1249 1053 1263 1120 5

986 1189 1052 1252 Hic
1069 1191 1111 1253 ad
1129 1211 1243 1273 preces
1261 1192 1414 1258 invitavit

984 1287 1156 1369 populum,
1171 1309 1271 1370 quern
1289 1290 1337 1352 sic
1354 1293 1484 1356 sanavit

983 1403 1002 1446 a
1019 1394 1112 1464 peste
1129 1385 1338 1467 inguinaria;

984 1479 1120 1561 Angelo
1135 1481 1270 1562 ciphum
1288 1484 1426 1547 tradidit

985 1587 1180 1658 argenteum
1197 1599 1296 1660 quem
1313 1583 1455 1646 credidit

985 1692 1057 1735 esse
1074 1693 1209 1755 passum
1228 1675 1408 1761 naufragia.

1246 1831 1268 1892 6

989 1979 1054 2042 His
1070 1988 1103 2043 et
1120 1980 1233 2045 multis
1249 1981 1427 2046 virtutibus

987 2075 1174 2158 insignitus,
1190 2079 1233 2141 ab
1249 2078 1404 2142 omnibus

987 2172 1020 2232 in
1038 2192 1160 2254 papam
1179 2173 1240 2236 fuit
1256 2175 1391 2252 electus

986 2266 1096 2349 Quem
1113 2270 1243 2351 apicem
1261 2271 1426 2334 recusavit

984 2372 1018 2426 et
1034 2373 1071 2428 ut
1087 2365 1158 2446 ipse
1174 2367 1364 2446 procuravit

986 2469 1083 2523 extra
1100 2461 1215 2524 urbem
1232 2471 1283 2524 est
1299 2462 1465 2528 devectus.

1248 2633 1267 2696 7

987 2767 1054 2833 Sed
1073 2789 1131 2850 per
1147 2769 1294 2832 triduum
1311 2771 1489 2851 quaesitus,

990 2863 1116 2945 fulgore
1133 2866 1234 2926 misso
1250 2864 1389 2928 caelitus

988 2971 1138 3043 repertus
1155 2971 1205 3025 est
1222 2971 1255 3024 et
1272 2963 1444 3040 deductus,

988 3057 1054 3140 Qui
1071 3057 1251 3139 plurimum
1269 3057 1448 3121 reluctatus

987 3155 1021 3216 in
1037 3155 1151 3218 sedern
1169 3165 1219 3218 cst
1235 3154 1433 3218 sublimatus

985 3249 1049 3314 hoc
1065 3252 1161 3332 signo
1178 3253 1313 3314 tandem
1332 3252 1496 3314 inductus

1248 3409 1266 3470 8

358 3559 427 3626 Sex
443 3561 567 3625 struxit
583 3563 615 3624 in
634 3560 756 3638 Sicilia,

357 3659 405 3720 vir
420 3659 505 3740 pius,
522 3659 733 3734 monasteria,

357 3755 536 3838 septimum
554 3757 586 3818 in
604 3755 685 3820 urbe
702 3756 821 3834 Roma,

356 3853 533 3936 Virginum
551 3854 615 3917 tria
631 3853 734 3916 millia

355 3951 456 4033 pavit,
473 3950 644 4032 multaque
660 3950 733 4026 alia,

355 4047 432 4112 hinc
448 4047 601 4112 redolens
618 4057 655 4111 ut
671 4067 793 4110 aroma.

986 3563 1171 3629 Ordinatus
1187 3562 1388 3644 pastoralem

987 3659 1107 3722 librum
1125 3661 1211 3738 iecit,
1228 3661 1260 3722 in
1279 3681 1344 3742 quo
1361 3660 1493 3743 qualem

987 3755 1173 3837 praesulem
1191 3777 1263 3820 esse
1279 3760 1397 3820 deceat

984 3854 1123 3936 Apertis
1140 3854 1271 3934 scriptis
1287 3855 1401 3918 docuit

985 3951 1126 4013 innuens
1143 3960 1179 4014 ut
1195 3951 1241 4013 sic
1258 3949 1354 4013 latuit

984 4055 1018 4111 et
1034 4047 1123 4110 idern
1140 4047 1268 4110 cunctis
1284 4047 1392 4112 liceat.

935 4205 956 4266 9

708 4327 822 4408 igitur,
840 4325 964 4391 Sancte
981 4324 1132 4407 Gregori‚

710 4433 743 4484 te
760 4431 872 4485 mente
888 4421 1054 4484 devotiori

711 4517 904 4598 suppliciter
920 4537 1110 4593 exoramus,

711 4612 759 4676 Ut
775 4632 836 4676 nos
853 4613 979 4675 Nostro
996 4612 1216 4693 Redemptori

709 4709 927 4770 commendes
943 4717 976 4769 et
995 4707 1161 4771 Salvatori

712 4814 747 4866 ut
765 4805 797 4866 in
815 4813 988 4876 aeternum
1006 4803 1165 4866 vivamus,

353 4991 395 5053 71
425 4986 539 5042 indutus
555 4983 694 5040 Redonen.
