4096 5794
497 507 570 582 570
813 511 954 562 PROSAE
982 512 1185 562 ECCLESIAE
1214 513 1427 562 Ll'NDENSIS

537 695 622 782 406.
656 687 713 760 IN
746 688 1195 762 TRANSLATlONE
1225 689 1264 762 S.
1289 687 1506 764 KANVTl
1542 687 1716 762 DVClS.

520 863 543 908 1.
568 842 676 920 Salve,
695 833 822 926 ma'rtyr
837 847 933 918 alme,
952 846 1051 920 salve,
1069 847 1134 910 iam
1152 847 1332 929 caeligena,

518 959 545 1005 2.
570 941 678 1018 Salve,
695 943 890 1024 angelorum
909 942 999 1019 felix,
1017 944 1163 1021 Kanute,
1174 944 1314 1026 collega,

518 1079 543 1140 3.
569 1061 672 1126 Cuius
688 1061 792 1126 virtus
809 1063 951 1146 insignia
969 1065 1033 1127 iam
1052 1074 1208 1145 perornat
1224 1064 1370 1142 climata,

515 1175 544 1234 4.
571 1157 631 1219 Per
648 1165 681 1220 te
698 1159 1024 1241 omnipotentissima
1046 1159 1118 1222 lesu
1135 1179 1222 1242 quae
1239 1169 1402 1223 monstrat
1415 1160 1533 1241 gratia.

520 1289 545 1354 5.
572 1275 660 1339 Nam
678 1297 738 1358 pro
755 1276 888 1341 Christo
904 1287 1011 1341 terrea
1027 1299 1102 1340 cum
1120 1277 1259 1342 amisisti
1277 1279 1409 1360 gaudia,

515 1374 544 1435 6.
569 1372 781 1454 Sempiterna
798 1374 943 1436 nancisci
961 1373 1108 1436 meruisti
1126 1373 1292 1455 tripudia;

522 1510 561 1582 7.
575 1494 665 1557 Dum
684 1495 716 1557 in
734 1514 849 1557 cruore
866 1496 982 1559 mundi
1002 1495 1166 1559 Tollentis
1191 1495 1329 1558 crimina
1345 1493 1431 1558 stola
1455 1493 1587 1557 laetaris
1611 1493 1751 1556 intincta

623 1590 765 1653 amictus
781 1611 954 1672 purpurea,

521 1687 548 1748 8.
574 1685 619 1748 Et
636 1685 840 1750 immaculati
867 1687 986 1769 iugiter
1013 1687 1153 1768 vestigia
1180 1686 1271 1768 Agni
1296 1685 1431 1748 sectaris
1458 1695 1642 1766 martyrum
1669 1683 1750 1766 pha·

622 1781 720 1864 lange
736 1783 912 1846 consortia.

515 1923 543 1984 9.
571 1906 659 1968 Hinc
677 1905 879 1987 perfidorum
896 1907 1086 1972 cruciantur
1101 1907 1246 1989 agmina,

498 2018 543 2066 10.
567 1999 664 2085 Quae
681 2004 723 2066 ad
740 2001 856 2067 aethra
873 2013 906 2066 te
922 2005 1135 2066 transmisere
1150 2002 1270 2080 nescia,

427 2201 430 2208 Ι
498 2138 544 2186 11.
568 2121 658 2186 Nam
676 2123 791 2206 lingua
813 2124 947 2206 quidem
973 2125 1084 2206 inopia
1110 2143 1220 2186 morsu
1245 2121 1411 2185 horrendo
1434 2119 1593 2202 praecisa,
1612 2119 1750 2202 quidam

622 2221 782 2285 rimantes
798 2220 945 2296 flumina,

499 2335 545 2382 12.
569 2319 686 2402 Stygis
703 2321 827 2403 petiere
844 2321 1000 2385 barathra
1015 2342 1023 2398 ;
1038 2320 1096 2384 sed
1115 2321 1174 2384 lux
1191 2319 1279 2383 alma
1303 2339 1347 2382 ex
1364 2337 1439 2381 arce
1456 2318 1556 2380 missa
1572 2313 1695 2379 caelica
1716 2323 1751 2377 te

621 2415 769 2481 declarat

498 2558 544 2621 13.
569 2539 655 2606 Cum
672 2541 809 2625 collegis
826 2541 929 2606 insula
945 2552 1144 2606 exornatum
1163 2561 1265 2605 rosea.

496 2653 542 2715 14.
568 2638 659 2700 Hinc
674 2639 854 2702 constricta
870 2640 1023 2702 restituta
1039 2639 1087 2700 vir
1103 2638 1252 2701 exsultat
1267 2638 1417 2712 dextera,

497 2775 542 2842 15.
567 2761 682 2844 Atque
700 2772 812 2826 mutus
829 2763 930 2826 libera
946 2765 1071 2845 gaudet
1087 2763 1287 2845 depromens
1303 2760 1449 2836 lamina;

494 2859 540 2921 16.
566 2858 699 2922 Plaudit
715 2879 832 2922 caecus
848 2859 975 2922 lumina
991 2879 1136 2936 sumens,
1151 2857 1290 2922 claudus
1306 2855 1455 2938 vestigia.

497 2999 541 3064 17.
568 2983 611 3047 Et
628 2984 818 3047 obstructae
835 2995 972 3066 captant
988 3005 1092 3060 aures,
1112 2982 1273 3045 mirantur
1294 2979 1426 3062 eloquia
1441 3000 1449 3056 ;

492 3082 538 3144 18.
564 3078 751 3144 Efflorescit
770 3081 876 3144 nitida
892 3082 977 3144 cutis
993 3081 1122 3163 pridem
1140 3079 1295 3142 laxarica.

494 3219 540 3282 19.
565 3201 681 3265 Febris
698 3202 782 3285 sugit
799 3203 1000 3267 tremulenta
1016 3201 1133 3264 salutis
1149 3201 1193 3264 ob
1209 3199 1365 3262 remedia.

494 3315 533 3378 19
544 3297 574 3360 b.
600 3297 667 3362 Sed
685 3308 821 3363 aeterna
837 3299 979 3382 pignora
995 3319 1060 3380 qua
1076 3317 1152 3360 cum
1169 3295 1328 3358 laxantur
1344 3292 1477 3374 inclyta,

491 3409 540 3458 20.
565 3395 802 3476 Redemptoris
819 3416 920 3477 opera
937 3395 1133 3457 illucescunt
1152 3390 1298 3468 mirifica,

490 3509 531 3555 20
544 3495 573 3556 b.
599 3493 687 3554 Nam
705 3492 755 3555 ius
771 3494 919 3556 admissa
935 3492 1090 3556 flammea
1108 3511 1188 3554 mox
1205 3491 1320 3553 obedit
1337 3487 1498 3551 incendia.

490 3629 538 3674 21.
564 3610 609 3674 Et
626 3612 751 3675 intacta
768 3623 906 3676 manent
923 3633 999 3677 ossa
1015 3611 1104 3676 velut
1122 3613 1180 3675 nix
1197 3608 1385 3684 candidula‚

492 3727 540 3774 22.
567 3711 658 3774 Hinc
674 3711 812 3776 resultet
830 3712 976 3776 Alleluia
993 3732 1075 3775 voce
1091 3711 1186 3794 plebs
1202 3709 1346 3773 altisona
1362 3729 1369 3785 ;

488 3845 537 3911 23·
561 3829 775 3895 Admiranda
791 3832 977 3914 gratuletur
992 3831 1152 3894 excolens
1170 3829 1337 3912 magnalia

488 3944 538 4008 24.
563 3929 608 3993 Et
623 3931 792 4013 condigna
807 3933 901 3995 vivus
917 3933 1002 4014 petit
1018 3931 1123 3994 hostis
1139 3949 1256 3993 amens
1272 3926 1427 3990 incendia
1443 3946 1449 4002 ;

489 4070 506 4116 2
512 4069 537 4133 5.
561 4053 655 4118 Voce
671 4055 758 4118 citus
773 4055 999 4137 perhorrenda
1015 4055 1058 4118 ad
1075 4053 1226 4116 ardentia
1242 4060 1374 4114 tartara.

489 4151 538 4214 26.
563 4151 635 4214 Nos
651 4171 732 4234 ergo
747 4173 845 4235 prece
862 4153 977 4216 sedula
994 4163 1052 4215 tua
1069 4169 1242 4232 precamur
1259 4147 1383 4222 munia,

489 4289 538 4354 27.
563 4275 612 4340 Ut
629 4295 688 4358 per
704 4285 738 4338 te
754 4276 948 4358 peccamina
966 4283 1079 4337 nostra
1095 4273 1203 4335 solvat
1219 4269 1397 4333 clementia

487 4373 537 4436 28.
561 4372 657 4454 Quae
673 4372 802 4436 salvare
817 4375 909 4438 venit
925 4374 1047 4436 omnia.

519 4506 535 4558 3
555 4503 708 4560 perornant
722 4493 860 4565 Hasm'cn.
876 4493 1002 4548 Lunden.

504 4585 530 4622 11
553 4570 695 4625 horrenda
708 4571 838 4626 Lumlen.
872 4574 953 4627 Nous
967 4571 1152 4626 rdtablissons
1166 4583 1277 4623 comme
1288 4582 1359 4619 nous
1373 4579 1501 4634 pouvons
1515 4562 1540 4614 le
1554 4557 1749 4629 parallelisme

483 4645 519 4700 de
532 4663 579 4701 ces
594 4648 733 4703 clausules
746 4649 939 4704 evidemment
953 4648 1010 4704 tres
1024 4648 1152 4702 alterees.

502 4739 532 4790 14
552 4727 672 4780 exsultet
687 4728 812 4784 Lunden.

504 4799 535 4854 16
555 4801 674 4857 Plaudet
685 4803 823 4871 Hasm'en.
837 4805 964 4860 Lunden.

504 4891 536 4946 19
556 4879 675 4934 tremula
690 4881 827 4952 Hasm'en.

520 4975 608 5032 Prose
621 4977 672 5034 des
685 4979 749 5052 plus
763 4980 906 5050 obscures,
919 4977 1108 5051 parallelisme
1121 4953 1178 5032 tres
1192 4969 1401 5032 rudimentaire.
