4094 5796
484 419 530 488 28
737 434 877 484 PRosntt
908 438 1109 488 ECCLESIAE
1139 437 1482 490 nlnttttttttl'ttttlln'sls

516 641 530 694 7
588 627 668 681 Cette
678 625 793 694 strophe
804 642 928 696 manque
940 627 1011 680 dans
1022 627 1046 680 le
1061 626 1159 680 hlissel
1171 627 1206 680 de
1219 627 1423 696 Magdebourg.
1436 629 1516 680 Nous
1528 627 1555 680 la
1567 643 1741 681 conservons

481 707 589 774 malgre
612 707 638 758 la
664 705 739 758 faute
765 705 800 758 de
824 703 894 759 rime
919 707 1024 758 redditi
1046 716 1073 759 et
1103 705 1256 759 Theodosii.
1283 707 1439 764 (Peut-etre
1460 717 1577 776 peut-on
1604 723 1743 776 supposes

486 787 511 839 Τ
509 783 664 850 leodosr'ti.)

516 866 567 921 8b
592 875 622 919 ut
640 864 684 918 dis
707 863 799 918 surdis
819 875 846 918 et
867 865 992 933 profanis
1012 865 1233 934 ilfagdeburgen.
1262 882 1314 920 ceu
1326 866 1452 934 profanis
1470 867 1592 936 Progen.
1617 867 1656 919 La
1674 867 1744 920 rime

480 945 561 1014 exige
575 962 622 998 ceu
629 945 774 1015 prtffonus
787 943 834 1014 qui
849 944 909 998 doit
923 945 981 999 titre
995 945 1103 998 retabli.

517 1025 533 1079 8
547 1030 568 1078 d
594 1023 699 1078 resistit
714 1033 792 1078 stans
806 1023 929 1092 Progen.

517 1120 562 1173 9ο
588 1104 664 1173 quod
678 1105 806 1173 cupierat
821 1103 1043 1172 tlr'ogdeburgen.
1075 1109 1087 1156 f
1113 1103 1213 1158 videns
1230 1105 1352 1174 I'rogvn.

503 1200 567 1238 toa
593 1188 653 1237 Ave
664 1184 785 1254 Pragerr.
809 1187 829 1236 h
859 1183 966 1236 candor
979 1182 1050 1236 casti
1061 1183 1282 1254 Magdeburgen.
1315 1203 1333 1239 c
1363 1203 1415 1240 ave
1433 1188 1555 1256 Progen.
1589 1193 1602 1242 f
1629 1206 1744 1242 manunt

491 1265 569 1334 apsis
582 1265 705 1334 J’rogen.

744 1429 794 1499 17.
829 1409 901 1478 ov:
939 1407 1162 1480 snncrn
1201 1409 1488 1486 nuuvvtcu.

782 1615 791 1658 l

570 1715 743 1797 Consurge
761 1716 915 1792 iubilans,

570 1834 639 1876 vox
655 1813 794 1894 quaevis
811 1813 999 1886 hominum,

571 1910 753 1990 laudesque
770 1929 929 1971 resonans

572 2025 663 2067 more
681 2003 828 2067 fidelium

566 2099 701 2164 Christo
717 2101 935 2164 credentium.

574 2344 749 2426 Hedwigis
765 2343 910 2425 inclytae

572 2439 653 2501 dum
671 2439 755 2502 festa
772 2439 900 2514 recolis,

573 2535 615 2596 de
632 2537 725 2598 cuius
742 2537 869 2600 meritis

568 2629 796 2710 angelihodie

573 2727 787 2807 congaudent
804 2725 836 2787 in
853 2725 962 2788 caelis.

576 2820 615 2883 In
633 2819 696 2882 hac
714 2821 866 2882 miseriae

574 2914 671 2985 valle.
688 2925 803 2990 mater,
820 2915 874 2998 pie

574 3029 727 3072 succurre
741 3011 878 3078 miseris.

577 3114 610 3167 et
626 3125 725 3186 zyma
741 3105 868 3168 scoriae

577 3199 677 3262 tollas
692 3201 736 3262 de
753 3200 873 3263 medio

785 3337 801 3397 3

580 3439 670 3501 Dum
688 3450 739 3503 tot
756 3443 1031 3522 phantasmatum

580 3536 712 3598 incursu
729 3536 884 3598 turbatur

581 3631 727 3694 mentale
743 3631 933 3705 sabbatum,

580 3739 613 3790 et
629 3748 729 3789 carne
742 3735 898 3789 movente

580 3823 749 3885 diversum
767 3821 944 3902 praelium;

583 3919 685 3980 Foras
701 3917 783 3979 haec
801 3917 968 3998 propellat

583 4015 773 4076 mundanas
791 4014 922 4082 noxias.

583 4108 706 4172 Christi
725 4129 785 4170 nos
802 4107 903 4170 faciat

583 4224 697 4266 secum
715 4203 895 4284 participes

587 4300 693 4362 Patris
710 4299 851 4380 imperii.

790 4437 811 4496 4

587 4537 676 4601 Nam
691 4557 767 4599 curn
785 4545 837 4600 tot
854 4535 980 4617 fulgeat

586 4633 674 4695 inter
691 4653 751 4694 nos
769 4631 904 4706 meritis,

1229 1617 1346 1662 caecos
1364 1600 1569 1678 illuminans,

1230 1695 1357 1760 claudis
1373 1717 1524 1779 gressum
1542 1698 1682 1773 donans,
1703 1773 1708 1782 Ι

1231 1799 1452 1881 auditumque
1468 1799 1585 1875 surdis,

1233 1894 1386 1958 Mortuos
1403 1897 1551 1971 suscitat,

1231 1990 1339 2054 febres
1356 1992 1519 2068 eliminat,

1232 2107 1304 2149 sese
1321 2088 1515 2151 invocantes

1231 2202 1349 2265 aegros
1367 2182 1478 2265 plures
1494 2193 1587 2246 curat

1232 2290 1266 2343 et
1282 2301 1382 2344 sanos
1399 2279 1509 2344 efficit.

1434 2459 1448 2521 5

1234 2603 1344 2683 Quam
1363 2604 1444 2666 felix
1462 2605 1588 2668 famula

1235 2699 1409 2782 Hedwigis
1426 2702 1562 2784 inclyta,

1233 2796 1347 2858 vivens
1364 2817 1439 2860 cum
1457 2798 1564 2879 gloria

1235 2891 1267 2952 in
1284 2892 1365 2955 caeli
1383 2895 1501 2974 patria,

1236 3007 1293 3067 per
1305 2989 1377 3050 aevi
1395 2989 1536 3052 saecula.

1239 3082 1288 3144 lbi
1307 3105 1366 3146 nec
1384 3087 1523 3160 senium,

1237 3197 1297 3239 nec
1314 3179 1455 3261 languor
1472 3181 1647 3256 mentium,

1237 3293 1297 3334 nec
1314 3284 1420 3337 terror
1435 3276 1593 3350 hostium,

1239 3389 1298 3429 nec
1316 3391 1394 3432 cura
1411 3374 1564 3446 vestium,

1239 3482 1299 3524 nec
1315 3463 1414 3541 fraus,
1427 3486 1487 3528 nee
1504 3467 1630 3528 odium.

1435 3620 1456 3678 6

1241 3770 1314 3831 Illic
1330 3771 1530 3852 archangeli,

1239 3867 1432 3948 prophetae,
1445 3868 1566 3948 angeli,

1241 3972 1320 4024 sunt
1336 3973 1495 4026 canentes
1514 3963 1588 4024 Deo

1241 4057 1382 4136 gloriam
1397 4061 1429 4122 in
1447 4059 1547 4122 caelis

1242 4175 1325 4216 voce
1343 4157 1494 4219 mirabili.

1245 4249 1311 4330 Qui
1329 4251 1425 4312 nobis
1442 4252 1567 4314 tribuat

1243 4347 1373 4424 peccati
1386 4347 1518 4408 veniam

1246 4441 1420 4522 Hedwigis
1438 4441 1600 4521 precibus,

1243 4546 1276 4596 et
1293 4536 1397 4598 donet
1414 4536 1556 4616 gloriam

1245 4632 1276 4691 in
1294 4631 1377 4693 caeli
1396 4632 1512 4712 patria.

502 4807 544 4846 to
576 4803 710 4847 resonant
721 4793 872 4846 Patovr'en.
904 4798 924 4846 d
961 4792 988 4846 in
1003 4808 1051 4844 ore
1065 4789 1259 4858 Numburgen.
1275 4789 1425 4841 Palovr'en.

503 4887 511 4923 1
529 4889 545 4925 e
576 4871 604 4924 in
617 4873 739 4926 Christo.
755 4868 1342 4940 Magdeburgen.NumbxrgenOlomucm.
1360 4868 1634 4922 Wran·slaor·en.“1n
1644 4871 1658 4897 ’'
1668 4871 1763 4924 donne

606 4967 643 5004 au
656 4967 720 5003 vers
735 4965 790 5002 une
804 4951 912 5016 syllabe
926 4951 961 5004 de
975 4959 1046 5017 trop.
