4094 5796
613 545 754 595 PROSAE
777 547 981 598 ECCLESIAE
1004 550 1223 600 VCECIENSIS

680 747 712 814 9.
757 723 830 795 DE
853 725 1175 801 APOSTOLIS.

597 857 607 900 1

344 940 434 1002 Voce
450 940 539 1003 clara
555 952 588 1004 et
605 963 735 1020 sonora,
971 946 1017 1009 Hi
1035 961 1113 1011 sunt
1130 864 1230 1012 tubale
1247 951 1405 1026 veritatis,

343 1034 456 1097 laudes
473 1036 594 1099 dentur
611 1039 643 1099 in
661 1038 722 1100 hac
746 1038 828 1101 hora
970 1041 1002 1103 hi
1022 1044 1176 1106 doctores
1193 1046 1388 1120 honestatis,
1469 1079 1478 1102 .

385 1131 491 1193 beatis
509 1132 706 1214 Apostolis;
1017 1142 1183 1222 principes
1202 1141 1382 1214 Ecclesiae,

346 1225 464 1290 Honor
477 1227 557 1309 ipsis
574 1229 796 1310 impendatur,
974 1234 1156 1300 Amatores
1168 1237 1349 1314 charitatis,

342 1341 400 1401 per
416 1341 499 1403 quos
515 1323 640 1404 dogma
652 1346 770 1388 sanum
784 1327 882 1389 datur
971 1343 1152 1396 sectatores
1169 1335 1312 1415 pietatis,

387 1418 543 1480 omnibus
557 1419 774 1484 Christicolis.
1016 1428 1160 1492 cultores
1174 1430 1326 1493 iustitiae.

604 1541 622 1585 ²
1222 1552 1244 1612 4

346 1634 391 1696 Hi
409 1645 487 1699 sunt
503 1637 562 1698 viri
580 1635 721 1700 Galilaei
976 1638 1035 1700 Isti
1053 1639 1131 1700 nudi
1150 1638 1320 1702 Christum
1338 1639 1465 1702 nudum

344 1733 397 1812 qui
417 1730 599 1794 fundarunt
614 1734 753 1797 domum
773 1735 835 1797 Dei
974 1741 1051 1796 sunt
1067 1735 1180 1809 secuti,
1196 1743 1317 1815 sponte
1333 1735 1461 1797 dudum

319 1841 322 1848 ’
388 1829 548 1890 doctrinis
566 1829 764 1894 caelestibus
777 1853 785 1910 ;
1014 1831 1206 1893 deserentes
1223 1831 1345 1894 omnia.

346 1922 405 1986 Isti
424 1924 586 1986 mundum
605 1925 821 2005 illustrarunt,
971 1926 1065 1988 Dura
1082 1926 1180 2008 passi,
1196 1935 1273 2008 post
1284 1925 1422 2002 labores,

344 2019 396 2082 isti
415 2018 515 2082 fidem
533 2021 726 2085 exaltarunt
972 2031 1049 2103 post
1065 2042 1242 2084 aerumnas
1259 2031 1292 2084 et
1310 2022 1496 2104 languores

302 2126 305 2132 '
388 2115 547 2178 mirandis
563 2117 728 2198 operibus.
1014 2138 1074 2200 pro
1091 2117 1156 2180 fide
1173 2117 1345 2200 supplicia.

914 2221 928 2286 5
975 2210 984 2238 Ι

671 2309 701 2372 O
720 2330 901 2391 praecones
920 2310 1051 2374 Summi
1070 2309 1182 2390 Regis,

673 2405 703 2469 O
730 2407 879 2488 magistri
900 2426 1012 2468 sacrae
1029 2404 1123 2486 legis,

717 2522 776 2564 nos
794 2503 905 2564 iuvate
923 2501 1094 2582 precibus:

674 2597 731 2674 Ut,
747 2597 877 2660 delictis
902 2599 1056 2678 expiatis,

672 2693 880 2774 perfruamur
896 2713 971 2755 cum
990 2693 1096 2755 beatis

715 2789 847 2870 gaudiis
863 2788 1072 2852 caelestibus.

629 2952 680 3001 ro.
714 2928 788 2999 DE
812 2927 884 2998 VN
893 2928 928 2999 O
962 2925 1247 2998 hlARTYRE.

595 3081 605 3125 1
1209 3077 1225 3140 3

306 3164 484 3242 Christum,
504 3167 631 3248 Regem
653 3166 887 3244 immortalem,
958 3167 1071 3228 Immo
1088 3168 1194 3246 ipsam
1213 3161 1388 3246 profitetur

305 3261 360 3342 qui
378 3281 519 3342 agonem
538 3263 776 3344 triumphalem
953 3263 1042 3325 clara
1060 3282 1151 3338 voce,
1167 3281 1227 3323 nec
1244 3268 1376 3323 veretur

352 3355 427 3420 Suis
444 3355 503 3420 dat
521 3358 732 3440 martyribus,
999 3377 1218 3440 quaecunque
1233 3353 1418 3436 dispendia.

308 3450 515 3514 Veneremur
531 3454 585 3515 die
603 3455 665 3516 ista
957 3453 1082 3516 Laetus
1093 3454 1229 3516 demum
1246 3450 1389 3530 sumpsit
1407 3457 1563 3532 mortem,

308 3566 373 3627 qua
391 3545 496 3610 fidelis
513 3551 669 3630 agonista
958 3560 991 3612 et
1004 3550 1127 3630 recepit
1144 3548 1282 3627 dignam
1300 3557 1434 3620 sortem,

352 3643 537 3724 triumphat
554 3645 596 3706 de
613 3645 765 3708 hostibus
1005 3665 1081 3708 cum
1099 3644 1223 3707 sanctis
1240 3643 1273 3704 in
1291 3641 1408 3723 patria.

608 3767 624 3811 2
1232 3765 1254 3824 4

309 3849 407 3913 Miles
425 3850 549 3915 Christi
566 3853 741 3933 pretiosus,
961 3855 1090 3935 hlartyr
1106 3852 1216 3932 digne,
1234 3849 1404 3914 Christum
1422 3868 1490 3923 ora,

308 3945 396 4009 hosti
413 3947 548 4028 quidem
567 3948 712 4024 odiosuS,
959 3959 995 4011 ut
1018 3949 1153 4010 assistat
1171 3947 1287 4008 mortis
1304 3943 1387 4005 hora

351 4044 526 4106 tormentis
543 4045 725 4108 subiicitur.
1004 4045 1049 4105 sic
1068 4042 1145 4106 Suis
1162 4041 1326 4115 fidelibus,

310 4139 419 4202 Hoste
436 4150 547 4203 tamen
565 4143 743 4217 saeviente,
958 4139 1067 4222 Quod,
1084 4148 1160 4220 post
1177 4137 1274 4199 huius
1292 4137 1379 4197 vitae
1401 4153 1544 4210 cursum,

307 4246 365 4299 aut
381 4245 505 4299 tortore
521 4239 774 4318 comprimente,
959 4235 1118 4317 expedite
1136 4233 1261 4296 vadant
1277 4250 1419 4305 sursum,

352 4351 371 4394 a
388 4329 452 4394 fide
469 4349 536 4393 non
554 4330 704 4394 flectitur.
1003 4331 1135 4413 purgati
1153 4329 1357 4402 criminibus

705 4540 888 4622 Nunquam
904 4452 990 4602 ultra
1009 4538 1169 4614 morituri,

702 4638 760 4699 sed
778 4636 915 4718 perenni
933 4634 1061 4697 fruituri

744 4751 821 4795 cum
838 4731 953 4794 electis
970 4731 1098 4814 gloria:

706 4827 774 4891 Ubi
791 4826 946 4908 planctus
963 4847 1029 4889 non
1046 4826 1190 4900 auditur,

703 4923 758 4986 ubi
775 4915 870 4987 dolor
887 4942 953 4986 non
969 4923 1119 4999 sentitur,

748 5039 808 5083 nee
824 5019 892 5083 ulla
906 5019 1068 5082 molestia.
