4094 5796
597 587 740 641 PROSAE
767 587 970 639 ECCLESIAE
996 589 1288 641 ANDEGAVENSIS

614 792 652 854 19
720 791 726 802 ·
1241 789 1283 836 20

403 913 478 990 Hic,
495 913 527 977 in
544 933 634 977 anno
649 912 807 988 laetitiae,
1032 911 1136 976 Cuius
1148 910 1302 976 caelestis
1319 913 1440 992 curiae,

400 1009 482 1073 caeli
500 1009 649 1092 possedit
665 1008 785 1072 solium
802 1032 808 1071 :
1030 1017 1146 1070 sancte
1164 1008 1233 1083 Iv0‚
1250 1007 1419 1087 solatium,

399 1105 467 1170 tale
484 1105 606 1170 Christi
624 1105 800 1186 imperium
1032 1105 1182 1168 divinum
1199 1103 1406 1168 stillicidium

399 1221 494 1265 rosae
510 1210 625 1265 tenent
641 1200 848 1264 clementiae.
1029 1199 1127 1263 nobis
1142 1220 1284 1282 procura
1300 1201 1438 1283 gratiae.

351 1353 545 1404 Manuscrlt.
568 1349 683 1402 Parus:
711 1347 783 1401 Bibl.
806 1347 872 1400 Nat.
888 1346 949 1414 868,
972 1345 1073 1399 Missel
1091 1345 1239 1415 d'Angers,
1261 1344 1414 1414 xv⁸siecle,
1428 1347 1462 1401 Z.
1495 1347 1577 1402 Cette

315 1427 395 1498 piace
408 1444 439 1482 se
451 1436 551 1482 trouve
571 1426 719 1496 imprimee
741 1427 814 1481 dans
838 1427 869 1480 A.
891 1427 934 1479 Lu
953 1427 1072 1480 Morus
1085 1437 1128 1479 Du
1140 1437 1179 1479 LA
1194 1424 1576 1495 BonuER1E,'Monuments

316 1509 474 1579 orr'gr’naux
483 1509 517 1562 dr
529 1507 678 1562 l'Histor're
690 1506 724 1560 cle
737 1505 825 1560 Saint
842 1507 923 1573 Vves,
937 1503 1143 1574 Salat-Brieuc,
1156 1505 1233 1576 1887,
1246 1522 1272 1577 p.
1287 1506 1348 1573 480.

351 1593 408 1643 ad
439 1586 555 1642 divitiae
569 1587 755 1657 Andagaven.

352 1671 404 1734 4d
435 1667 524 1722 vincit
536 1667 570 1721 Z.

351 1747 403 1802 Sd
435 1747 546 1817 Malgre
559 1747 600 1802 les
613 1755 713 1814 textes,
734 1745 781 1816 qui
803 1744 1092 1815 donnentpossidens,
1115 1761 1187 1799 nous
1211 1745 1397 1800 retablissons
1419 1747 1580 1817 possidenti
1618 1779 1620 1783 -
1700 1787 1701 1790 ,

317 1826 386 1882 dont
397 1827 426 1881 la
443 1826 573 1882 derniere
586 1826 697 1896 syllabe
709 1824 805 1880 s’dlide
815 1841 864 1880 sur
879 1827 1062 1880 innocentiae.
1088 1827 1257 1880 Autrement
1271 1827 1297 1881 le
1313 1835 1374 1881 mot
1387 1825 1405 1880 a
1417 1834 1477 1880 mot
1499 1826 1536 1882 de
1551 1826 1579 1882 la

316 1907 421 1978 phrase
430 1917 474 1962 est
487 1906 661 1977 impossible.

351 2001 398 2056 90
429 1987 581 2056 exstinguit
594 1987 781 2056 Andagauen.

338 2081 400 2133 140
432 2075 461 2121 ut
485 2066 523 2120 Z.
549 2072 571 2121 d
595 2065 690 2120 detZ.

340 2159 369 2212 17
384 2151 405 2200 d
436 2146 472 2201 de
482 2163 578 2216 panno
591 2145 654 2200 rudi
668 2145 853 2216 Andagaven.
882 2143 1029 2212 L'editeur,
1040 2143 1145 2213 charge
1158 2144 1193 2198 de
1207 2145 1235 2198 la
1253 2143 1376 2198 revision
1389 2144 1427 2199 du
1446 2153 1522 2201 texte
1540 2145 1576 2200 de

309 2227 346 2281 la
358 2224 498 2296 premiere
510 2225 618 2280 edition
638 2224 786 2295 imprimee
804 2224 841 2278 du
857 2223 956 2279 Missel
969 2225 1117 2293 d'Angers,
1136 2240 1206 2278 aura
1222 2224 1439 2294 probablement
1458 2241 1493 2280 eu
1509 2241 1580 2295 peur

319 2307 356 2360 du
369 2317 459 2360 terme
472 2321 572 2374 grosso
582 2305 629 2376 qui
644 2305 733 2360 existe
746 2304 945 2374 parfaitement
956 2321 990 2359 en
1002 2303 1083 2358 Latin
1096 2302 1230 2372 vulgaire.

353 2386 436 2440 Cette
447 2385 534 2439 Prose
543 2395 587 2440 est
600 2402 638 2438 un
648 2384 788 2438 veritable
798 2394 862 2439 tour
871 2383 908 2438 de
918 2384 995 2438 soree
1005 2383 1041 2438 ou
1050 2385 1168 2439 l’auteur
1177 2384 1243 2438 s'est
1252 2385 1371 2438 astreint
1381 2384 1579 2454 an’employer

320 2481 375 2536 que
387 2465 429 2520 les
441 2463 527 2519 times
539 2465 601 2518 ium
614 2474 642 2520 et
655 2465 706 2518 iae.

550 2725 607 2798 35.
639 2703 714 2776 pu
745 2703 814 2777 ss
836 2702 1022 2776 paruo
1053 2701 1126 2774 ET
1157 2701 1349 2776 rauco

348 2966 373 3014 1.
397 2949 514 3012 Laude
533 2948 677 3011 iocunda
694 2947 809 3026 melos,
825 2955 944 3024 turma,
959 2966 1111 3029 persona,

230 3119 231 3122 Ἴ
345 3063 372 3110 2.
397 3045 553 3126 Iugando
569 3043 670 3107 verba
686 3043 909 3126 symphoniae
925 3040 1112 3125 rythmica;

347 3181 372 3248 3.
400 3161 615 3248 concrepans
632 3165 759 3248 inclyta
775 3163 952 3229 harmonia
967 3184 1045 3227 vera
1063 3163 1164 3227 saecli
1181 3163 1318 3240 lumina,

343 3280 373 3343 4.
398 3261 489 3325 Luce
505 3262 561 3344 qui
579 3281 680 3326 aurea
696 3261 904 3326 illustrarunt
921 3279 1025 3343 regna
1042 3259 1160 3324 mundi
1176 3259 1301 3336 omnia,

346 3397 374 3463 5.
396 3383 550 3447 Vernant
566 3382 665 3446 sortia
683 3383 749 3446 iam
766 3401 909 3464 quorum
927 3379 1091 3462 trophaea
1107 3381 1140 3442 in
1157 3379 1239 3443 caeli
1265 3381 1365 3462 regia,

344 3479 374 3542 6.
398 3477 550 3560 Quorum
569 3479 687 3541 merita
703 3477 893 3542 dissolvunt
909 3477 1050 3539 crimina
1066 3475 1127 3538 hac
1144 3476 1199 3539 die
1215 3475 1343 3558 fulgida
1359 3500 1366 3540 :

346 3615 375 3679 7.
399 3600 488 3664 Nam
505 3599 589 3664 alter
604 3601 710 3664 crucis
727 3599 891 3683 supplicia
908 3599 1129 3682 triumphans,
1145 3599 1229 3664 alter
1251 3599 1339 3662 ensis
1355 3599 1480 3682 iugula,
1496 3608 1584 3663 uter·

444 3717 509 3778 que
526 3698 610 3761 nitet
627 3697 740 3760 laurea
754 3718 762 3775 ;

350 3795 377 3856 8.
403 3791 512 3874 Super
529 3791 686 3856 sublimia
703 3793 822 3870 sidera,
838 3793 985 3874 insignes
1001 3791 1149 3870 victoria,
1165 3791 1289 3856 caelica
1301 3790 1441 3875 praelati
1457 3800 1536 3854 sunt
1552 3791 1585 3854 in

447 3909 546 3953 curra.

349 4029 378 4092 9.
404 4003 503 4088 Hinc,
530 4012 628 4075 beate
660 4012 765 4088 Petre‚
795 4012 853 4093 qui
885 4011 1036 4075 maxima
1067 4031 1192 4074 reseras
1224 4010 1337 4075 clausa
1367 4010 1470 4074 verbo
1499 4009 1584 4074 caeli

447 4107 573 4182 limina,

335 4219 380 4268 10.
405 4202 510 4269 Sume
526 4204 599 4285 pius
616 4212 696 4266 vota
712 4202 833 4280 fidelia,
849 4203 979 4287 peccati
995 4211 1116 4266 cuncta
1133 4202 1330 4266 resolvendo
1346 4201 1487 4266 vincula

317 4319 320 4328 Α
336 4342 382 4390 11.
407 4324 519 4400 Sacra,
536 4323 647 4400 Paule,
663 4325 776 4406 ingere
792 4327 963 4408 dogmata,
980 4325 1149 4389 illustrans
1166 4326 1273 4408 plebis
1289 4335 1435 4408 pectora,

335 4437 378 4483 12.
405 4421 450 4484 Et
467 4439 642 4502 quousque
657 4423 716 4484 det
734 4422 826 4484 Deus
843 4422 990 4502 perlecta
1007 4421 1094 4484 ultra
1111 4421 1159 4485 fer
1176 4431 1288 4485 mente
1304 4423 1424 4498 sidera,

336 4557 380 4622 13.
406 4541 523 4605 Dulcis
539 4563 606 4625 qua
622 4542 761 4607 resultat
785 4544 912 4607 musica
934 4543 1095 4608 virtutum
1120 4543 1240 4609 fidibus
1265 4554 1366 4627 atque
1390 4543 1484 4607 melis
1507 4564 1586 4608 con-

449 4658 548 4702 cmna

336 4751 380 4810 14.
406 4734 446 4797 In
477 4688 773 4817 qua’symphonia
805 4736 973 4815 miscetur,
996 4745 1047 4801 est
1074 4735 1130 4800 illa
1160 4757 1246 4821 quae
1273 4757 1350 4801 vera
1377 4737 1586 4801 diatessaron

449 4849 567 4913 prima,

339 4963 384 5031 ις.
409 4951 577 5016 Constans
593 4953 716 5016 virtute
732 4963 764 5015 et
782 4953 919 5032 iustitia,

340 5047 386 5114 16.
410 5048 649 5138 Temperantia
665 5057 699 5112 ct
714 5049 894 5138 prudentia
910 5071 917 5133 ς
