4096 5794
653 525 794 578 PROSAE
822 526 1026 578 ECCLESIAE
1054 528 1300 581 EBROICENSIS
1536 535 1606 608 507

967 714 988 774 4

527 811 679 894 Quorum
696 813 870 877 Maximus
887 813 1013 896 fulgida
1029 812 1213 897 pontificali
1230 812 1335 878 insula

527 907 571 972 Et
587 907 809 974 Venerandus
825 910 924 974 titulo
939 910 1083 974 diaconii
1100 909 1242 988 emicat;

973 1051 988 1117 5

526 1152 734 1218 Nobilissimi
752 1155 838 1219 linea
855 1157 888 1218 in
906 1156 986 1219 urbe
998 1155 1087 1219 clara
1104 1155 1220 1218 Brixia
1272 1167 1275 1174 ⁴
1329 1167 1331 1174 '

524 1249 621 1314 Patre
639 1251 767 1334 Magno
782 1263 860 1316 sunt
875 1255 980 1336 geniti
996 1263 1030 1316 et
1045 1253 1206 1336 genitrice
1223 1253 1340 1318 Cassia
1357 1273 1364 1328 ;

967 1381 988 1441 6

527 1494 601 1558 Hos
617 1507 751 1560 sanctus
767 1518 855 1580 papa
872 1498 1040 1562 Damasus
1056 1517 1191 1562 sacrans
1206 1497 1333 1562 ordinis
1348 1495 1456 1578 gratia

527 1590 576 1656 Ut
593 1594 695 1684 verbo
711 1594 775 1658 Dei
793 1594 941 1677 repleant
958 1595 1061 1660 mittit
1077 1596 1228 1678 gentium
1245 1595 1371 1658 intima.

969 1733 988 1797 7

526 1832 592 1916 Qui
608 1835 689 1898 dum
708 1846 836 1898 mentes
852 1836 894 1900 ad
911 1838 1072 1918 dogmata
1088 1846 1311 1901 convocarent
1327 1834 1484 1899 caelestia
1566 1846 1569 1852 ’

525 1929 633 2013 Urget
650 1933 752 1996 iudex
769 1933 915 1996 Vitalius
931 1943 967 1996 ut
989 1955 1049 1997 sua
1065 1933 1177 1998 colant
1194 1933 1291 1998 idola.

970 2061 988 2122 8

525 2176 789 2242 Contemnentes
805 2179 965 2242 immania
982 2178 1159 2242 trahuntur
1175 2179 1216 2242 ad
1234 2176 1407 2260 supplicia,

526 2272 671 2357 Ungulis
688 2274 721 2338 in
739 2277 920 2356 suspendio
937 2275 1086 2339 membra
1102 2285 1257 2338 secantur
1272 2284 1387 2338 tenera
1401 2295 1408 2352 ;

971 2418 992 2480 9

525 2515 593 2581 Sed
611 2539 692 2582 mox
709 2520 857 2602 ipsorum
874 2519 1027 2603 precibus
1044 2519 1241 2601 franguntur
1256 2517 1339 2580 salsa
1356 2516 1504 2592 numina,

525 2612 737 2695 Rediguntnr
754 2615 786 2678 in
804 2614 972 2698 pulverem
990 2635 1189 2698 :pravorum
1206 2623 1343 2696 stupent
1359 2611 1503 2694 agmina

962 2757 1001 2804 10

527 2855 616 2920 Hinc
633 2855 776 2921 fornacis
793 2859 946 2923 incendia
962 2859 1106 2923 subeunt
1122 2858 1220 2920 nimis
1238 2855 1357 2932 valida,

526 2951 656 3034 Quibus
673 2953 848 3018 confestim
866 2954 973 3018 adluit
992 2955 1066 3017 Iesu
1085 2953 1208 3018 Christi
1226 2953 1423 3037 praesentia.

964 3095 997 3140 11

525 3191 627 3257 Cuius
644 3195 764 3258 virtute
780 3194 923 3277 plurima
939 3195 1114 3260 combusta
1131 3195 1228 3260 turba
1245 3195 1348 3278 impia
1363 3215 1371 3272 ;

524 3289 638 3356 Sancti
662 3289 766 3353 illaesi
783 3300 931 3355 exeunt:
949 3293 1024 3356 Deo
1040 3293 1163 3355 dantur
1180 3290 1357 3373 magnalia.

960 3435 996 3482 12

521 3536 618 3602 Totis
635 3536 746 3620 ligatis
763 3547 881 3620 postea
898 3557 1020 3620 magna
1038 3538 1147 3602 ferunt
1163 3537 1336 3620 supplicia,

524 3634 651 3699 Rursus
666 3633 771 3700 oblati
787 3635 901 3700 bestiis
918 3644 1090 3699 servantur
1107 3635 1171 3698 Dei
1188 3635 1303 3718 gratia.

961 3777 997 3840 13

524 3876 598 3939 Hos
614 3874 735 3938 dehinc
752 3875 882 3939 clausos
899 3895 1030 3940 carcere
1045 3876 1164 3939 eduxit
1181 3877 1284 3939 virtus
1300 3877 1433 3953 caelica,

520 3969 652 4054 Quibus
670 3991 751 4034 mox
768 3971 860 4035 iubet
876 3971 1016 4054 angelus
1033 3981 1069 4036 ut
1086 3981 1204 4053 petant
1220 3992 1299 4036 arva
1316 3971 1454 4036 Gallica.

959 4109 997 4170 ¹4

522 4211 587 4294 Qui
604 4212 684 4275 dum
703 4219 815 4274 mente
832 4212 1081 4294 promptissima
1098 4211 1283 4276 accelerant
1300 4213 1428 4289 itinera,

522 4309 578 4372 Ad
596 4309 728 4372 laudem
747 4309 811 4372 Dei
828 4308 971 4391 plurima
987 4319 1167 4391 operantur
1185 4309 1350 4374 miracula.

960 4443 995 4510 Ι5

521 4547 609 4612 Nam
626 4550 715 4612 vitae
731 4549 793 4612 tria
811 4569 949 4630 corpora
967 4549 1111 4613 reddunt
1128 4550 1201 4614 luce
1217 4551 1374 4628 carentia,

517 4644 707 4710 Contractis
723 4645 811 4709 vices
829 4644 972 4709 referunt
990 4655 1023 4709 et
1040 4645 1145 4709 tribus
1161 4646 1268 4708 caecis
1285 4645 1421 4710 lumina.

957 4769 995 4832 16

522 4888 662 4953 Flumen
681 4889 857 4973 Sequanae
872 4899 1056 4966 transeunt,
1072 4889 1193 4953 desunt
1210 4889 1304 4953 navis
1320 4888 1481 4969 vehicula,

524 4985 775 5051 Persecutorum
793 4985 954 5070 plurimos
971 4985 1060 5050 unda
1077 4985 1262 5068 submergit
1278 4985 1399 5062 reflua;
