4102 5792
469 503 544 576 490
623 505 764 556 PROSAE
792 508 994 560 ECCLESIAE
1021 509 1050 560 S.
1062 509 1244 560 CORNELII
1271 509 1582 562 COMPENDIENSIS

778 700 793 766 5

689 770 882 838 Creatorem

688 878 841 955 creatura¹
861 897 866 906 ·

689 973 864 1029 veneretur

559 1067 592 1120 et
608 1059 730 1122 serviat
745 1059 886 1124 Auctori
902 1082 909 1138 ;

690 1155 783 1219 Deus
799 1156 901 1220 homo

690 1251 782 1332 regni
799 1253 902 1340 domo

689 1345 821 1427 pulsum
839 1368 941 1432 pomo

560 1441 703 1504 restituit
719 1440 845 1508 honori.

472 1861 524 1930 cle,
540 1863 569 1918 5.

1191 776 1281 839 Fons
1296 777 1339 852 de
1355 691 1450 859 pet6ra
1466 775 1601 859 proruit,

1190 871 1277 936 latus
1293 874 1385 955 Agni
1402 873 1512 956 patuit

1188 967 1277 1030 rivus
1293 968 1370 1031 inde
1387 967 1522 1051 profluit

1318 1062 1375 1144 qui
1392 1061 1489 1124 diluit

1190 1155 1372 1220 veneficum
1388 1177 1538 1220 cruorem
1553 1177 1560 1236 ;

1192 1253 1311 1318 Statua
1328 1253 1519 1336 percutitur,

1189 1349 1260 1412 sine
1277 1367 1377 1412 manu
1394 1350 1523 1412 ceditur

1190 1443 1283 1527 lapis,
1301 1464 1396 1506 mons
1413 1442 1553 1508 efficitur
1569 1466 1576 1522 ;

1319 1540 1492 1622 virginitas

1189 1635 1266 1699 hinc
1283 1636 1413 1700 obtinet
1429 1637 1587 1700 savorem.

509 1787 704 1839 Manusorlt.
727 1787 840 1842 Palus:
862 1788 933 1842 Bibl.
950 1791 1134 1856 Nat.,17329,
1149 1787 1274 1843 Graduel
1294 1787 1330 1841 de
1344 1785 1589 1854 saint-Corneille,
1612 1783 1734 1840 xiii‘sie-

711 2058 793 2129 351.
826 2037 901 2111 DE
932 2037 1156 2112 SANCTO
1189 2035 1488 2111 BALSEMIO.

781 2270 793 2314 l

605 2363 682 2427 Lux
698 2367 805 2450 surgit
819 2387 931 2432 annua
1017 2419 1020 2426 ,

603 2479 690 2541 quae
704 2461 764 2526 dat
781 2463 938 2528 melliflua

606 2555 700 2619 nobis
717 2559 873 2636 remedia,

605 2651 704 2715 Prece
720 2655 880 2719 continua

604 2758 740 2830 captent
756 2752 896 2815 occidua

604 2853 698 2912 tanta
714 2845 880 2931 suffragia.
986 2849 987 2855 ’

780 2976 798 3022 2

606 3068 691 3134 Cum
708 3092 818 3156 poena
834 3073 963 3138 stabilis

606 3186 672 3232 non
689 3170 732 3232 sit
749 3171 806 3234 sed
824 3169 942 3249 labilis,

605 3283 726 3344 parens
741 3267 907 3344 caelestia,

608 3358 724 3423 Homo
741 3361 907 3443 passibilis

606 3453 643 3516 fit
660 3455 859 3521 invincibilis

608 3549 732 3615 Divina
748 3555 864 3634 gratia.

784 3682 801 3745 3

609 3773 676 3856 Qui
695 3775 804 3840 Deum
823 3779 952 3858 metuit,

609 3869 702 3934 illum
721 3893 787 3937 non
805 3875 921 3939 terruit

609 3965 677 4029 ulla
693 3970 851 4052 nequitia,

610 4063 682 4126 Nec
699 4066 727 4126 ei
746 4069 858 4129 nocuit

609 4160 689 4223 dum
708 4161 769 4224 sibi
786 4162 896 4229 floruit

611 4257 780 4321 mundana
796 4261 910 4342 gloria.

612 4475 657 4539 Et
673 4486 801 4559 quanto
817 4480 948 4560 gravior

611 4585 712 4658 atque
728 4577 875 4642 rabidior

610 4681 723 4736 exstat
740 4673 887 4752 saevitia,

610 4768 724 4832 Tanto
740 4772 948 4837 constantior

612 4873 712 4946 atque
729 4867 874 4930 securior

613 4959 650 5026 fit
665 4963 707 5026 ad
725 4963 895 5046 supplicia.

1410 2263 1425 2330 5

1237 2368 1338 2432 Unde
1356 2366 1552 2444 Balsemius,

1235 2473 1362 2544 martyr
1377 2462 1530 2540 eximius,

1237 2559 1350 2622 relicta
1367 2559 1484 2641 patria,

1237 2656 1323 2719 Mori
1340 2654 1411 2718 vult
1428 2653 1536 2717 carius

1234 2771 1334 2834 quam
1352 2751 1395 2815 sit
1412 2749 1550 2813 ulterius

1236 2848 1268 2910 in
1285 2847 1348 2910 hac
1365 2846 1505 2910 miseria.

1409 2961 1431 3022 6

1236 3073 1381 3139 Galliam
1399 3081 1557 3155 properat

1237 3171 1349 3252 ibique
1366 3178 1489 3232 reserat

1236 3267 1313 3330 diva
1330 3264 1497 3348 mysteria,

1240 3363 1384 3426 Mortem
1402 3359 1573 3436 accelerat,

1237 3477 1419 3540 ensemque
1435 3456 1556 3520 tolerat

1238 3574 1380 3638 pergens
1396 3553 1438 3616 ad
1455 3552 1586 3634 gaudia.

1242 3778 1332 3841 Hinc
1349 3777 1391 3840 de
1408 3774 1568 3839 miraculo
1679 3801 1682 3809 ·

1239 3874 1330 3956 quod
1348 3872 1384 3936 fit
1401 3873 1433 3934 in
1452 3871 1578 3954 populo

1241 3978 1353 4051 stupet
1369 3989 1452 4050 gens
1469 3969 1598 4044 misera,

1239 4067 1328 4129 Nam
1346 4064 1408 4128 hoc
1425 4062 1616 4146 spectaculo

1238 4162 1388 4244 caputio
1408 4159 1525 4243 patulo

1242 4258 1304 4322 fert
1320 4277 1421 4320 manu
1438 4257 1579 4338 propria.

1416 4365 1435 4426 8

1243 4479 1338 4540 Tunc
1355 4496 1475 4558 corpus
1492 4474 1627 4556 rapitur,

1242 4586 1345 4660 puteo
1361 4575 1515 4651 truditur,

1240 4675 1298 4737 sed
1315 4691 1415 4754 super
1430 4671 1545 4734 omnia

1241 4769 1387 4852 Spiritus
1403 4767 1530 4832 tollitur

1239 4865 1400 4948 caeloque
1416 4861 1557 4936 ducitur,

1242 4981 1403 5047 spernens
1418 4957 1593 5024 terrestria.
